1898 3292
57 110 111 163 aro
207 104 712 173 r.c1vrr[u.c.532.s.c.420.]
895 117 901 188 q

61 184 857 206 ..............-..-..-...--.......

59 220 112 275 set,
124 213 218 265 omnia
228 217 333 261 temere
344 226 378 261 ac
386 211 562 278 negligenter
571 210 641 277 egit:
663 209 736 262 adeo
746 216 777 261 ut
786 209 860 263 disci·

16 300 21 304 ·
58 284 153 352 plinae
163 282 302 331 Romanae
323 279 385 346 plus
404 281 433 331 in
448 279 552 331 Volsco
570 279 709 343 exercitu,
732 295 815 347 quarn
833 277 859 329 in

60 354 193 411 Romano,
204 354 286 400 esset.
323 350 399 415 Engo
411 348 534 411 fortuna,
548 355 580 400 ut
590 364 674 417 saepe
685 348 768 412 alias,
777 349 857 400 virtu·

60 432 117 472 torn
128 424 170 469 est
180 424 285 470 secuta.
321 418 415 470 Primo
427 420 548 485 proelio,
568 418 642 485 quod
651 418 688 470 ab
698 417 858 485 Sempronio

59 491 170 541 incaute
180 488 389 556 inconsulteque
400 490 576 540 commissum
586 495 642 552 est,
663 502 720 539 non
734 486 859 539 subsidiis

59 559 171 608 firmata
181 558 251 620 acie,
268 574 323 609 non
335 558 428 624 equite
439 564 502 625 apte
514 558 618 621 locato,
636 572 802 609 concursum
813 560 858 609 est
880 565 884 580 '

61 627 172 678 clamor
181 627 313 678 indicium
324 629 443 694 primurn
452 628 514 690 fuit,
526 643 579 695 quo
591 642 636 680 res
644 626 814 679 inclinatura
823 640 859 677 es·

61 702 116 748 set:
129 696 278 748 excitatior
290 698 466 765 crebriorque
477 700 512 749 ab
522 696 603 749 hoste
614 696 757 761 sublatus3
768 698 802 749 ab
811 695 859 747 Ro·

60 766 149 817 manis
160 765 296 829 dissonus,
308 772 407 833 impar,
424 768 535 835 segnius
547 782 631 832 saepe
640 767 763 819 iteratus
773 762 859 833 prodi·

62 835 104 886 dit
114 849 247 901 pavorem
258 836 422 889 animoriun.
457 838 500 889 Eo
517 835 640 888 ferocior
655 835 754 887 illatus
768 832 858 893 hostis,

60 918 161 973 urgere
171 906 264 968 scutis,
275 906 378 958 micare
389 905 506 974 gladiis:
529 906 620 959 altera
629 920 665 957 ex
674 911 758 973 parte
767 908 859 957 nutant

62 974 356 1041 circumspectantibus
367 977 478 1044 galeae,
497 980 525 1027 et
536 975 638 1027 incerti
648 974 804 1041 trepidant,
819 984 858 1039 sp·
890 1014 893 1021 .

63 1044 222 1111 plicantque
238 1061 269 1097 se
281 1046 390 1097 turbae.
427 1045 512 1114 Signa
526 1060 599 1096 nunc
614 1044 780 1097 resistentia
792 1042 858 1095 dett·

61 1120 163 1166 ruotur
177 1114 213 1165 ab
228 1115 429 1181 antesignanis,
446 1130 519 1167 nunc
539 1113 612 1165 inter
626 1129 693 1164 suos
709 1110 858 1181 manipulos
889 1123 893 1187 Ι

62 1184 244 1252 recipiuntur.
262 1183 407 1239 Nondum
423 1182 493 1250 iuga
508 1188 593 1244 certa,
613 1182 739 1233 nondum
750 1178 859 1235 victoris

64 1260 140 1305 erat:
152 1254 213 1319 tegi
223 1254 312 1320 magis
323 1254 471 1314 Romanus,
483 1267 566 1318 quarn
577 1265 713 1318 pugnare·
750 1250 860 1305 Volscus

63 1317 264 1387 inter-resigna,
285 1335 386 1387 urgere
394 1322 498 1383 aciem,
517 1320 580 1387 plus
591 1319 685 1373 caedis
695 1318 820 1375 hostiurn
828 1316 860 1369 ri·

63 1389 138 1452 dere,
154 1404 235 1457 quern
246 1388 338 1457 bigae.
696 1447 701 1456 ¹

114 1457 269 1510 XXXVlll.
297 1458 354 1509 lam
374 1458 500 1511 omnibus
518 1458 590 1511 locis
611 1457 736 1521 ceditur,
761 1454 860 1527 nme·

63 1543 145 1595 quern
155 1527 319 1592 Sempronio
331 1528 444 1580 consule
454 1529 618 1596 obiurgante
629 1533 716 1595 atque
727 1527 860 1581 hortante:

61 1597 133 1649 nihil
146 1612 198 1648 nec
212 1595 373 1662 imperium,
393 1613 445 1650 nec
453 1599 585 1651 maiestas
595 1597 725 1650 valebats
750 1598 861 1663 dataque

60 1681 126 1725 mox
137 1672 217 1733 terga
226 1664 353 1717 hostibus
364 1666 465 1731 forent,
480 1669 510 1720 ni
519 1668 582 1721 Sex.
593 1668 778 1734 Tempanius,
791 1668 860 1720 decu·

60 1736 104 1788 rio
115 1735 245 1803 equitum,
263 1736 495 1801 labenteiamre,
517 1738 659 1804 praesenti
669 1738 766 1790 animo
776 1738 861 1790 subre-

60 1808 158 1858 nisset.
195 1805 249 1866 Qui
259 1820 341 1873 quum
353 1823 456 1875 magna
465 1823 533 1860 voce
545 1807 743 1871 exclamasset,
758 1817 791 1861 ut
800 1802 862 1876 ιμ’·

62 1885 111 1938 tes,
131 1875 178 1942 qui
188 1879 289 1928 salvam
299 1878 489 1945 rempublicam
500 1880 597 1929 vellent
608 1893 673 1939 esse,
695 1894 732 1930 ex
744 1877 819 1947 equis
828 1874 863 1927 es

61 1945 169 1998 sitirent
174 1963 185 2007 ;
206 1947 327 1997 omniurn
338 1952 492 1998 turmarum
503 1946 652 2015 equitibus,
668 1946 751 1998 velut
761 1947 798 1999 ad
808 1959 864 1999 con·

62 2015 131 2066 sulis
142 2016 288 2082 imperium
298 2016 398 2067 motis:
417 2015 481 2068 Nisi
490 2016 564 2078 baec,
577 2016 676 2082 inquit,
682 2026 864 2083 parmaeaeo

61 2084 124 2134 hors
139 2084 224 2136 sistat
237 2085 366 2151 impetam
383 2084 511 2148 leostium,
531 2094 621 2137 actum
639 2086 671 2136 de
686 2085 807 2153 imperio
821 2090 863 2138 est·

63 2152 213 2219 Sequimini
219 2170 271 2221 pro
281 2154 378 2207 vexillo
390 2155 523 2220 cuspidem
535 2171 628 2207 meam.
660 2152 808 2209 ostendite
817 2154 865 2206 Re·

61 2221 149 2272 manis
162 2220 328 2287 Volscisque,
348 2240 431 2291 neque
442 2224 575 2293 equitibus
586 2224 659 2274 vobis
669 2226 743 2277 ullos
759 2225 865 2295 equitet,

61 2307 109 2343 nec
118 2289 256 2357 peditibus
267 2307 321 2343 esse
332 2293 436 2359 pedites
442 2309 533 2361 pares.
558 2295 647 2356 Quum
659 2293 788 2349 clamore
799 2308 865 2347 conr·

61 2362 180 2427 probata
190 2358 349 2413 adhortatio
361 2367 443 2425 esset,
453 2363 532 2414 vadit
541 2364 596 2415 alte
607 2363 752 2430 cuspidem
763 2378 859 2433 gerent

63 2431 232 2497 Quocunque
242 2432 382 2494 incedunt,
393 2432 423 2482 ri
433 2432 505 2483 riarn
517 2434 634 2484 iaciunt:
657 2448 691 2484 eo
704 2450 736 2486 se
748 2433 867 2487 inferunt

64 2502 179 2552 obiectis
194 2503 312 2569 parmis,
332 2501 381 2552 ubi
396 2515 508 2552 suorum
519 2503 668 2570 plurimum
686 2503 818 2557 laborem
832 2504 867 2555 ri·

64 2569 137 2621 (lent.
173 2570 678 2640 Restituituroninibuslocispugna,
697 2576 727 2625 in
740 2590 814 2642 quae
824 2588 867 2627 eos

63 2637 182 2701 impetus
194 2642 272 2692 tulit:
298 2656 349 2693 nec
359 2639 472 2692 dubium
483 2648 556 2707 erat,
577 2643 654 2709 quin,
674 2643 700 2696 si
712 2650 777 2701 torn
791 2641 867 2715 pauci
892 2679 896 2690 .
