1860 2978
30 242 338 299 sellicitubdflb.
357 244 402 312 [U.
412 245 442 296 C.
453 250 512 302 308·
522 245 554 296 A.
565 247 595 297 C·
608 247 677 315 lle]
713 245 746 299 21

30 362 80 399 um
94 347 266 400 voluntatem
282 347 423 400 foverunt:
444 349 512 400 duos
529 351 613 399 etiam
632 353 757 416 patricio:

30 416 188 483 talaresque,
210 417 256 483 Sp.
267 419 418 483 Tarpeium
429 422 457 468 et
466 420 497 469 Α.
507 420 642 481 Aterium‚
654 426 763 486 coopte-

32 524 38 536 .
76 487 208 538 Consules
220 488 315 550 creati,
330 487 387 538 Lar
397 488 566 550 Herminius,
582 489 614 539 Τ.
626 488 767 557 Virginius

30 555 204 618 montanus,
222 554 293 607 nihil
302 570 470 624 magnopere
481 555 517 607 ad
525 555 639 609 Petrum
650 563 699 609 out
708 557 766 624 ple-

30 638 131 674 :ausom
149 624 283 688 inclinati,
304 626 394 676 otium
408 624 485 676 domi
499 640 533 676 ae
546 624 616 676 foris
635 624 765 680 habuere.

30 692 165 745 'rebonius
174 696 301 747 tribunus
310 694 408 762 plebis,
417 694 535 746 infestus
540 693 679 759 Patribus,
690 695 766 763 quod

30 761 766 831 biisincooptandistribunisfroudecaptum,prodi·

35 846 53 882 α
63 831 188 901 collegis,
201 834 302 897 aiebat,
323 834 499 902 rogationem
511 831 587 895 tulit,
611 831 765 901 thuiple·

32 899 184 955 Romanam
195 903 318 957 tribunos
327 903 402 972 plebi
411 909 538 972 rogaretf
553 901 579 954 is
588 917 671 969 utque
682 919 712 955 eo
723 918 766 953 ro·

30 978 55 1032 et,
66 970 127 1022 dum
138 971 225 1024 decem
237 973 358 1026 tribunos
364 972 556 1044 plebisaceret
562 988 574 1032 ,·
587 970 765 1022 insectandis·

30 1037 170 1102 Patribus,
180 1042 252 1094 unde
261 1045 366 1109 Aspero
376 1043 462 1095 etism
478 1039 598 1090 inditum
608 1045 652 1092 est
664 1054 766 1108 cogno·

30 1143 36 1168 ‚
57 1108 227 1161 tribunatum
236 1113 333 1180 gessit.
368 1111 435 1163 lnde
444 1109 483 1160 M.
496 1108 638 1176 Geganius
648 1108 766 1160 Maceri-

30 1181 55 1227 et
66 1177 94 1228 C.
104 1177 199 1240 lulius,
211 1182 337 1233 eonsules
347 1180 426 1240 furti,
438 1177 574 1229 coitiones
585 1177 767 1239 tribunorum,

30 1260 97 1296 ersus
108 1247 243 1298 nobilium
252 1249 422 1300 iuventutem
433 1252 518 1309 ortas,
537 1246 598 1297 sine
607 1244 766 1297 insectatio·

30 1316 158 1367 otestntis
170 1317 237 1378 eius,
249 1324 413 1369 conservata
423 1316 570 1367 maiestate
580 1314 709 1376 Petrum,
724 1328 766 1365 se·

30 1398 77 1435 tre:
88 1384 206 1450 plebem,
219 1385 330 1437 decreto
342 1386 377 1437 ad
386 1385 491 1437 bellum
501 1382 668 1436 Volscorum
678 1388 706 1434 et
716 1384 766 1435 Ae·

31 1468 82 1503 um
88 1453 208 1517 delectu,
221 1452 380 1506 sustinendo
391 1469 459 1516 rem,
471 1452 766 1506 ebseditionibuscon·

38 1536 86 1573 re:
107 1522 212 1573 urbano
225 1538 334 1589 quoque
350 1524 408 1575 otio
425 1522 494 1574 foris
505 1523 599 1574 omnio
610 1521 765 1590 tranquille

44 1589 213 1653 tffirnmntes,
234 1606 283 1657 per
295 1592 451 1644 discordias
462 1592 559 1644 civiles
570 1597 700 1644 externos
710 1590 765 1641 tol·

51 1660 148 1712 nimos.
185 1662 257 1712 Cura
269 1662 345 1727 peris
359 1662 526 1714 concordiae
537 1675 646 1729 quoque
655 1659 764 1712 intesti-

57 1744 114 1781 msa
128 1729 190 1782 fuit.
226 1729 281 1783 Sed
295 1731 368 1783 alter
378 1746 488 1798 semper
502 1730 571 1783 ordo
587 1729 680 1798 gravis
694 1728 763 1781 alte·

64 1798 186 1850 odestiae
197 1805 266 1851 erat.
302 1801 464 1863 Quieseenti
474 1800 551 1868 plebi
560 1801 595 1851 ab
606 1798 762 1850 iunioribus

70 1884 76 1917 l
94 1869 214 1920 iniuriae
233 1869 293 1921 fieri
309 1875 432 1936 coeptae.
467 1870 522 1921 Ubi
536 1868 643 1920 tribuni
658 1867 762 1919 auxilio

79 1937 155 1990 ribus
166 1944 265 2000 essent,
275 1939 305 1989 in
315 1939 410 2005 primis
419 1954 517 2004 parum
527 1936 671 2002 proderat:
688 1935 763 1987 dein·

83 2008 112 2057 s'i
127 2008 238 2074 quidem
253 2008 381 2059 inviolati
396 2012 488 2069 erant3
507 2007 604 2068 utique
614 2002 762 2070 postremis

90 2093 109 2140 s,
121 2092 204 2144 quum
215 2082 243 2129 et
252 2091 303 2142 per
314 2076 447 2127 coitiones
458 2075 647 2140 potentiorum
657 2070 764 2123 iniuria

97 2165 99 2170 ·
112 2147 156 2197 vis
171 2145 320 2212 potestatis
335 2144 425 2194 omnis
445 2143 588 2209 eliquanto
607 2140 764 2208 posteriore

104 2214 291 2282 elanguidior
306 2212 394 2264 ferme
404 2218 488 2264 esset:
511 2212 622 2278 iamque
631 2211 710 2277 plebs
720 2209 763 2263 itu

112 2291 145 2336 ,tu
155 2298 258 2351 ponere
269 2281 376 2348 aliquid
385 2281 453 2348 spei,
472 2282 498 2333 si
506 2280 613 2333 similes
623 2281 702 2333 lollio
712 2280 762 2335 tri·

117 2360 195 2406 eret:
214 2352 327 2403 nomina
341 2357 449 2403 tontum
459 2367 490 2403 se
500 2351 612 2403 biennio
623 2349 762 2405 babuisse.

123 2428 200 2473 entre
208 2421 333 2482 Petrum,
343 2427 375 2472 ut
385 2421 467 2472 nimis
477 2419 585 2474 feroces
595 2436 660 2473 suos
671 2420 762 2472 crede·

130 2506 203 2556 esse3
221 2493 264 2542 ita
274 2490 370 2552 molle,
391 2491 416 2541 si
429 2490 527 2542 modus
538 2489 711 2543 excedendus
721 2503 762 2538 es·

136 2575 190 2611 mm
200 2559 376 2622 adversariis,
387 2575 530 2627 superesse
541 2559 658 2611 animos.
685 2555 763 2607 Adeo

143 2629 250 2682 uendee
264 2629 419 2692 libertatis,
439 2630 503 2680 dum
517 2625 630 2694 aequari
644 2622 717 2675 velle
727 2624 765 2674 si·

156 2713 186 2749 se
197 2699 310 2767 quisque
316 2699 436 2760 extollit,
446 2707 476 2750 ut
484 2697 621 2763 deprimat
628 2693 722 2755 olium,
734 2692 765 2744 in

161 2768 336 2839 cavendoque
349 2784 384 2823 ne
394 2772 519 2824 metuent
530 2763 670 2828 hommes,
677 2767 774 2814 mem·
