1898 3292
101 124 135 177 oe
249 126 281 175 r.
300 122 404 173 nitur
424 122 505 188 [nc.
518 138 575 173 220.
595 119 751 187 sumn]

98 237 176 283 tutus
187 245 259 290 esse,
279 227 327 277 ubl
337 227 367 277 in
376 227 437 279 iure
447 242 544 292 parum
559 227 694 293 praesidii
704 232 788 278 esset.
824 227 903 294 Ergo

100 315 134 353 ex
144 297 282 350 industria
292 297 384 348 factus
395 296 430 349 ad
441 297 631 350 imitationem
642 295 797 358 stultitiae,
820 311 904 364 quum

99 385 129 420 se
145 383 248 433 suaque
264 367 386 433 praedae
403 382 463 421 esse
478 368 541 434 regi
554 367 673 430 sineret,
694 365 779 417 Bruti
794 378 905 433 quoque

72 468 81 475 ··
100 436 174 488 haud
189 437 288 492 abnuit¹
299 452 465 504 cognomen:
486 444 519 488 ut
533 437 583 488 sub
599 436 657 488 eius
673 435 790 487 obtentu
803 449 905 504 cogno·

100 506 184 557 rrrirris
194 507 330 558 liberator
341 506 391 558 ille
402 507 499 574 populi
509 505 627 559 Romani
637 504 744 555 animus
754 503 847 556 latens
858 518 905 572 op·

99 577 240 644 per-iretur
250 582 379 644 tempora
388 593 447 629 sua.
481 577 507 628 ls
516 583 576 627 tum
587 574 621 625 ab
632 573 793 641 Tarquiniis
805 572 905 627 ductus

100 644 235 712 Delphos,
248 645 398 699 ludibrium
408 647 508 706 verius,
524 658 606 711 quam
618 658 720 705 comes,
731 658 846 696 aureum
856 643 905 694 ba-

102 715 203 779 culum,
218 717 355 769 inclusum
368 729 468 767 corneo
479 720 577 766 carato
589 713 625 766 ad
634 712 665 764 id
676 713 785 776 baculo,
803 711 906 765 tulisse

103 784 205 836 donum
215 786 340 852 Apollini
348 784 459 846 dicitur,
470 798 520 850 per
529 782 790 850 ambageseffigiem
800 780 906 852 ingenii
942 812 948 857 ,-

103 855 155 906 sul.
193 854 255 914 Quo
275 858 422 920 postquam
442 858 555 906 rentum
576 860 630 916 est,
661 852 795 921 perlectis
816 851 905 919 patris

101 923 252 985 nrarrdatis,
267 922 367 989 cupido
378 923 492 975 incessit
502 924 609 975 animos
620 923 751 975 iuvenum
761 921 905 994 scisqitad-

102 993 145 1056 di,
165 993 201 1046 ad
217 1008 298 1060 quem
316 1007 410 1045 eorum
426 1008 541 1061 regnum
552 993 706 1045 Romanum
722 991 904 1046 esset'venttr·

101 1078 174 1115 rum.
210 1063 254 1115 Ex
264 1063 360 1116 intimo
370 1079 454 1130 specu
463 1078 559 1115 vocem
569 1062 709 1115 redditam
723 1062 830 1115 imunt:
850 1060 904 1115 Im·

97 1133 346 1202 periumsromrmm
357 1131 458 1186 Borrine
469 1131 585 1196 babebit,
605 1133 654 1200 'qur'
663 1142 780 1185 vestrm
786 1131 904 1200 primae,

102 1221 118 1254 o
128 1204 244 1265 iuvenes,
260 1206 379 1256 osculum
390 1203 473 1256 uzani
483 1203 588 1255 tulerit.
624 1202 780 1269 Tarquinii,
795 1205 829 1253 ut
839 1199 904 1255 Sex·

101 1279 155 1334 tus,
177 1272 225 1337 qui
236 1272 342 1324 Romae
352 1273 466 1324 relictus
477 1272 576 1334 fuerat,
595 1271 710 1339 ignarus
720 1270 850 1338 responsi
858 1284 903 1325 ex·

100 1355 219 1407 persque
229 1341 343 1405 imperii
353 1348 434 1402 esset,
446 1357 504 1392 rem
515 1356 624 1393 summa
634 1356 688 1408 ope
699 1340 903 1394 taceriiubent:

100 1408 157 1475 ipsi
166 1409 241 1460 inter
250 1423 289 1470 se,
300 1415 362 1460 uter
372 1410 457 1475 prior,
468 1426 552 1478 quum
564 1410 680 1463 Romam
688 1411 838 1476 redissent,
848 1425 904 1465 mo·

97 1478 139 1530 tri
155 1476 279 1528 osculum
294 1478 386 1540 daret,
407 1481 479 1531 sorti
497 1481 670 1547 permittunt.
706 1481 827 1544 Brutus,
846 1480 903 1533 ali0

99 1551 178 1599 ratus
194 1553 321 1612 spectare
331 1546 478 1616 Pythicam
492 1565 603 1613 rocem,
624 1552 701 1604 velut
715 1551 741 1601 si
756 1551 903 1618 prolapsus

100 1616 257 1679 cecidisset,
278 1623 383 1670 terram
395 1620 490 1671 osculo
501 1620 631 1687 contigit:
651 1622 770 1683 scilieet,
785 1620 861 1687 quod
872 1635 904 1674 ea
930 1666 933 1689 ,

101 1685 255 1737 communis
267 1693 356 1739 mater
367 1691 489 1741 onmium
500 1690 660 1742 mortalium
672 1700 753 1743 esset.
772 1689 902 1743 liuditum

98 1755 165 1806 inde
176 1755 307 1821 Romam,
328 1758 377 1809 ubi
395 1759 527 1813 adversus
541 1759 660 1812 Rutulos
675 1760 780 1814 bellum
795 1775 903 1815 summa

99 1824 299 1892 riparabatur.
395 1842 397 1851 ⁴

151 1893 237 1948 Lvrr.
255 1896 376 1950 Ardeam
387 1899 485 1952 Rutuli
499 1897 653 1962 habebant,
675 1915 757 1971 gens,
778 1900 856 1953 utin
870 1916 902 1953 ea

99 1966 215 2034 regione
227 1973 310 2032 atque
321 1969 349 2020 in
361 1985 395 2020 ea
405 1976 507 2032 aetate,
530 1969 637 2021 divitiis
648 1969 839 2036 praepollens:
860 1984 902 2022 ea·

100 2052 153 2102 que
163 2036 224 2100 ipsa
235 2051 318 2088 causa
328 2038 396 2090 belli
406 2038 467 2100 luit,
478 2039 552 2105 quod
563 2054 611 2090 rex
622 2040 763 2092 Romanus
772 2045 833 2092 tum
843 2039 902 2108 ipse

101 2103 196 2165 ditari,
212 2102 363 2156 exhaustus
374 2107 581 2175 magnificentia
591 2109 766 2175 publicorum
778 2124 902 2176 operum,

100 2178 161 2222 tum
176 2172 280 2236 praeda
301 2174 416 2227 delinire
437 2178 613 2243 popularium
634 2180 742 2231 animos
758 2179 902 2244 studebat3

99 2244 213 2320 praeter
223 2240 308 2293 aliam
319 2245 476 2309 superbiam
487 2261 573 2316 regno
585 2248 702 2301 infestos
712 2249 807 2312 etiam,
829 2247 902 2316 quod

100 2324 131 2360 se
140 2325 170 2360 m
179 2308 323 2362 labrorum
333 2313 497 2369 ministeriis
508 2333 541 2369 uo
552 2319 647 2370 servili
663 2324 720 2372 tam
732 2318 780 2370 diu
791 2317 902 2372 habitos

100 2390 185 2446 opere
195 2381 230 2432 ab
241 2395 307 2448 rege
317 2382 542 2451 indignabantur.
565 2389 688 2442 Tentata
697 2404 743 2442 res
754 2396 805 2454 est,
815 2389 840 2441 si
850 2389 902 2457 pri·

101 2465 147 2501 mo
158 2450 264 2517 impetu
276 2453 338 2519 capi
346 2455 439 2508 Ardea
455 2463 562 2523 posset:
582 2458 631 2509 ubi
641 2459 671 2511 id
683 2472 782 2526 parum
794 2474 902 2526 proces·

102 2519 154 2582 sit,
175 2520 322 2575 obsidione
333 2526 587 2594 munitionibusque
599 2529 691 2597 coepti
702 2529 790 2595 premi
800 2527 902 2582 hostes.

101 2589 131 2638 ln
142 2589 179 2668 iis
194 2591 322 2655 stativis,
343 2600 375 2645 ut
385 2595 418 2646 lit
435 2597 520 2663 longo
531 2599 635 2663 magis,
657 2614 740 2666 quum
752 2599 812 2650 acri
821 2598 903 2658 bello,

102 2662 170 2709 satu
181 2658 264 2714 liberi
276 2672 446 2718 commeatus
457 2673 549 2720 erant:
564 2669 734 2736 primoribus
744 2677 840 2723 tamen
849 2683 904 2721 nra·
