1860 2978
61 58 91 109 ts
232 57 265 107 r.
281 50 389 106 nrvu
411 50 696 122 [taceamne-1

71 135 420 146 ..---‚........—-.-—-—..-

58 164 131 214 latii.
150 159 293 220 Romulus,
304 159 403 224 etipse
414 160 496 209 turba
507 157 675 224 fugientium
688 165 776 221 actus,
788 177 860 212 arnse

59 233 94 283 ad
106 230 214 282 coelum
224 228 336 290 tollens,
352 228 467 296 Iupiter,
478 229 542 291 tuis,
556 228 657 294 inquit,
672 228 761 279 iussus
772 231 860 283 auibus

58 301 101 354 la'c
116 301 145 350 in
156 298 270 350 Palatio
283 296 374 365 prima
390 297 452 348 urbi
467 297 653 380 Ι[ιιηιίαηιεητα
669 298 729 349 ieci.
766 298 860 354 Arcem

60 370 123 432 iam,
136 370 232 420 scelere
243 378 367 436 emptam,
379 367 475 419 Sabim
485 367 599 420 tabent:
618 365 679 419 inde
688 366 740 420 luc
752 370 860 433 atinati

61 447 192 506 superata
208 437 296 490 media
312 439 394 500 calle,
415 438 538 489 tendant.
577 435 616 488 At
631 446 674 499 tu,
690 446 775 505 pater
793 440 860 493 deut

61 508 256 576 learninumque,
276 506 338 560 ltine
350 509 444 559 saltem
454 522 516 558 arce
527 505 632 559 tostas:
653 507 725 559 deme
736 516 860 563 terrem

61 578 200 640 Bassania,
215 578 370 649 fugamque
380 577 499 648 ,faedam
509 576 581 627 siste.
617 575 671 628 Hic
682 593 731 647 ega
743 576 796 629 titt
807 588 859 631 tm

58 651 135 717 plrtm
147 647 255 700 Statori
264 646 334 710 lovi,
346 647 417 713 quod
425 655 625 699 monumentum
636 645 807 713 sitpcsteris,
822 657 860 701 ta

57 717 200 788 praesenti
211 732 258 784 ope
269 726 406 768 servatam
416 716 507 767 urbem
518 732 583 780 esee,
593 731 681 768 voveo.
718 716 800 770 Haec
809 710 860 785 p're

62 794 150 849 catus,
162 787 252 839 veluti
263 786 288 837 si
298 785 431 839 sensisset
442 785 551 837 auditas
562 800 669 853 preces,
680 785 762 852 Hinc,
770 787 860 856 inquit

63 856 188 920 Romani,
203 856 310 924 Iupiter
322 855 437 922 optimas
449 855 582 907 maximas
594 855 719 908 resistere
729 864 811 924 atque
819 856 860 909 ita

62 945 127 979 rare
141 942 267 996 pugnam
286 925 369 977 iulet.
415 925 558 976 Restitere
579 925 712 988 Romani,
734 931 860 995 tanquan

64 997 179 1050 coelesti
189 1011 258 1049 voce
266 996 347 1047 iussi:
358 995 419 1061 ipse
431 994 467 1046 ad
478 995 616 1061 primores
626 994 761 1046 Remulus
771 1010 860 1063 pravo«

62 1069 112 1119 lat.
148 1067 255 1119 Mettus
266 1065 377 1119 Curtius
394 1065 428 1117 ab
440 1063 549 1115 Sabinis
564 1064 691 1131 princeps
703 1066 737 1116 ab
749 1080 815 1118 arce
825 1064 860 1119 de

63 1142 236 1197 cucurrerat,
257 1140 286 1186 ct
301 1134 404 1187 effusos
420 1140 518 1200 egerat
533 1134 686 1196 Romanos,
707 1140 770 1199 toto
786 1150 860 1203 quan·

62 1214 122 1257 tum
134 1204 197 1256 foro
208 1204 329 1270 spatium
339 1210 391 1256 est.
426 1204 486 1255 Nec
495 1203 593 1272 procul
603 1204 658 1254 iam
669 1220 686 1254 a
696 1208 781 1271 porta
790 1203 860 1257 Pala¹

63 1276 97 1327 tii
108 1281 177 1337 erat,
189 1273 345 1336 clamitans,
361 1272 478 1325 Vicimus
489 1274 608 1343 perfidas
617 1272 743 1342 hospites,
753 1274 860 1329 intelle

63 1344 160 1396 hostes.
195 1343 257 1396 lam
267 1343 371 1407 sciam,
391 1345 469 1412 longe
481 1344 622 1395 aliudesse
632 1344 754 1413 virgime
765 1360 860 1413 rapere

65 1415 141 1466 alircd
152 1429 348 1482 pugnantum
360 1413 434 1464 viris.
471 1414 500 1464 ln
513 1429 589 1477 eum,
608 1412 677 1465 haec
691 1415 860 1481 gloriantem

66 1500 126 1534 cuni
142 1484 227 1552 globo
243 1481 480 1535 ferocissimorum
496 1484 627 1534 iuvenum
638 1483 775 1535 Romulus
785 1485 860 1552 impe

65 1561 123 1605 tum
134 1553 212 1605 tacit.
248 1553 292 1603 Ex
303 1568 374 1620 equo
386 1558 444 1603 tum
458 1552 533 1606 forte
544 1553 651 1605 Mettus
662 1556 819 1620 pugnabat:
837 1566 860 1607 et

63 1623 133 1691 pelli
144 1623 255 1675 facilius
267 1622 334 1673 fuit:
351 1622 460 1691 pulsum
472 1624 590 1674 Romani
601 1632 815 1690 persequuntur.
834 1622 860 1674 Ε

64 1694 123 1746 alia
135 1695 259 1745 Romana
269 1692 352 1755 acies,
367 1692 486 1744 audacia
495 1695 570 1762 regis
582 1708 706 1755 accensa,
718 1691 815 1746 fundit
824 1691 860 1746 Se

66 1764 152 1816 binos.
180 1763 287 1815 Mettus
296 1763 325 1813 in
336 1762 468 1830 paludem
479 1779 549 1827 sese,
565 1764 684 1830 strepitu
694 1764 860 1830 sequentiae

64 1834 223 1900 trepidante
231 1849 311 1900 equo,
318 1834 449 1885 coniecit:
461 1833 674 1900 adverteretque
686 1847 720 1884 ea
729 1848 775 1886 res
788 1834 860 1886 etim

64 1900 182 1956 Sabinos
194 1905 266 1955 tanti
276 1903 400 1970 periculo
410 1904 474 1954 viri.
511 1904 550 1954 Et
558 1904 606 1955 ille
618 1902 740 1969 quidem,
752 1918 860 1955 annuen

63 1974 138 2026 fihus
154 1988 187 2024 ac
206 1973 368 2028 vocantibus
388 1973 460 2033 suis,
482 1971 579 2025 lavore
601 1973 754 2023 multorum
773 1972 860 2024 addite

64 2043 166 2103 animo,
178 2041 279 2094 evadit.
309 2042 430 2093 Romani
440 2040 592 2110 Sabinique
602 2043 631 2092 in
641 2041 734 2094 media
744 2042 860 2093 convalli

63 2111 182 2164 duorum
192 2111 328 2161 montium
339 2111 530 2179 redintegrant
538 2112 687 2180 proelium:
699 2111 749 2165 sed
760 2127 806 2164 res
817 2112 859 2164 Rc

62 2196 145 2232 marm
156 2186 217 2231 erat
227 2181 362 2247 superior.

116 2249 189 2301 Xlll.
208 2251 280 2300 Tum
292 2248 411 2302 Sabinae
421 2250 565 2313 mulieres,
586 2266 701 2318 quarum
718 2267 752 2304 ex
766 2252 860 2304 iniuria

63 2321 168 2374 bellum
183 2325 273 2370 ertum
287 2324 361 2382 erat,
384 2321 505 2372 crinibus
522 2322 611 2388 passis
629 2322 772 2389 scissaque
784 2328 860 2376 veste

64 2393 138 2441 victe
151 2390 231 2441 malis
242 2389 371 2440 muliebri
385 2404 502 2456 pavore,
522 2407 606 2444 ausae
620 2408 649 2443 se
664 2393 740 2444 inter
755 2393 815 2445 tela
825 2406 860 2445 vo

64 2461 152 2512 lautia
162 2461 278 2523 inferre,
299 2475 332 2511 ex
342 2466 501 2512 transverse
516 2461 623 2528 impetu
634 2463 722 2526 facte,
739 2462 860 2515 dirimens

63 2530 180 2581 infestas
190 2531 274 2593 acies,
287 2529 416 2582 dirimere
427 2531 495 2593 iras3
519 2530 583 2584 hinc
592 2539 699 2600 patres,
721 2531 785 2585 hinc
796 2533 860 2584 virm

65 2605 189 2663 orantes,
207 2618 239 2653 ae
254 2616 281 2653 ee
292 2600 424 2672 sanguine
437 2601 555 2673 nefando
569 2604 655 2657 soceri
667 2603 817 2675 generique
831 2618 860 2656 rt
