1860 2978
109 107 194 163 ΜΒ.
213 108 235 160 1.
254 105 445 161 cAP.18.1u.
465 109 509 176 [V.
520 111 549 161 C.
560 117 601 180 59.
612 112 645 161 Α.
657 108 848 197 ΟἹῙΜ

10 232 15 275 ¹.
46 211 131 263 tuein
141 210 255 261 laevam
265 225 377 261 manum
387 210 535 274 translate,
551 211 650 263 dextre
660 211 689 262 iu
701 210 849 276 caputNu-

45 295 102 332 nee
112 279 259 346 imposita,
279 286 408 345 precatus
418 286 461 331 est
470 282 526 332 ita:
546 281 654 348 Iupiter
661 289 753 348 peter,
775 280 799 331 ss'
810 287 848 330 est

42 349 94 422 sss,
112 348 188 401 bunc
199 347 320 400 Numam
329 349 508 418 Pompilium,
523 351 599 402 euius
609 368 659 421 ego
670 359 752 418 eaput
763 359 850 414 teneo,

45 434 134 489 segem
144 417 252 470 Romae
262 434 326 482 esse,
335 419 378 470 eti
388 429 419 473 tu
428 421 508 490 signa
519 422 594 474 mobis
604 430 679 473 certa
691 420 851 474 scelerastis

44 487 115 541 inter
124 486 259 557 eosfiaes,
274 503 339 554 quos
348 489 416 560 feci.
452 493 525 542 Tum
536 492 645 559 peregit
656 493 748 543 verbis
759 491 851 557 auspi-

46 557 181 624 eia‚quae
191 557 269 609 mitti
277 559 376 611 vellet:
398 561 499 627 quibus
509 562 610 623 missis,
631 561 790 613 declaratus
800 574 851 612 rex

45 624 138 679 Numa
149 627 186 679 de
197 627 305 694 templo
316 629 467 683 descendit.

95 696 174 748 XIX.
194 695 258 759 Qui,
273 712 360 764 regno
371 700 536 768 impetitus,
554 700 652 752 urbem
662 714 771 760 noram,
787 714 853 750 cou-

46 765 134 818 ditarn
151 765 182 818 vi
197 770 227 818 et
243 768 339 831 minis,
360 769 421 822 iurc
436 787 499 823 eam
510 771 673 837 legibusque
685 769 851 820 aemoribus

48 836 82 889 de
91 836 207 902 integro
219 836 339 891 condere
350 844 440 905 parat.
476 840 583 901 Quibus
600 855 685 906 quum
694 837 853 891 interbella

48 920 212 959 assuescere
222 905 331 959 rideret
342 923 397 959 non
407 924 502 976 posse,
525 910 624 976 quippe
636 908 768 961 efferatos
780 906 852 957 ruili-
866 948 871 953 .

48 976 105 1038 tia,
125 975 251 1038 animos3
268 977 454 1044 mitigandum
472 979 594 1030 ferocem
613 980 748 1046 populum
763 991 853 1028 armo·

48 1060 112 1097 rum
129 1043 315 1099 desuetudine
330 1052 422 1110 ratus,
442 1048 538 1099 lanum
560 1048 598 1098 ad
611 1049 735 1098 intimum
748 1046 856 1111 Argile-

48 1120 120 1177 tum,
136 1114 258 1167 indicem
269 1117 348 1182 pacis
357 1117 491 1183 bellique,
508 1116 588 1167 iecit:
609 1124 723 1183 apertus
732 1121 764 1165 nt
773 1115 802 1164 in
812 1130 855 1165 ar·

48 1184 103 1237 mis
113 1199 176 1237 csse
186 1185 344 1252 civitatem
365 1187 479 1238 clausus
489 1192 604 1253 pacatos
617 1187 691 1238 eirca
702 1199 797 1235 omnes
807 1198 855 1250 po·

47 1253 133 1323 pulos
143 1254 325 1320 significaret.
362 1256 411 1308 Bis
429 1256 529 1308 deinde
544 1262 608 1323 post
619 1255 727 1307 Numae
738 1267 855 1321 regnum

48 1323 164 1377 clausus
180 1323 249 1377 tuit:
272 1327 361 1379 semel
375 1328 408 1378 T.
419 1327 528 1379 Manlio
543 1327 670 1388 consule,
693 1329 758 1392 post
772 1322 855 1375 Puni·

48 1408 113 1447 oum
128 1393 249 1460 primum
264 1395 422 1463 perfectum
437 1397 555 1450 bellum:
575 1397 692 1459 iterum,
714 1395 789 1461 quod
806 1407 855 1445 no·

47 1469 125 1516 strue
134 1467 224 1518 aetati
233 1467 276 1518 dii
285 1466 430 1530 dederuut,
449 1467 657 1529 utvideremus,
675 1464 855 1533 postbellum

46 1533 210 1599 Actiacum,
236 1537 271 1589 ab
290 1537 462 1604 Imperatore
485 1539 604 1590 Caesare
625 1539 765 1604 Augusto,
786 1548 856 1601 pace

48 1609 127 1657 terra
136 1606 264 1673 merique
273 1613 362 1673 parta.
384 1609 486 1661 Clauso
498 1612 541 1670 eb,
552 1623 637 1675 quum
648 1606 769 1658 omnium
781 1605 856 1655 eirca

47 1673 235 1726 finitimorum
254 1676 391 1728 societate
411 1693 445 1728 ae
463 1676 626 1729 foederibus
643 1674 781 1724 iunxisset
797 1671 855 1723 eni·

48 1758 119 1806 mos,
131 1744 232 1810 positis
243 1751 420 1798 externorum
432 1746 620 1813 periculorum
631 1744 714 1804 curis,
730 1758 764 1793 ne
775 1742 855 1793 luxu·

48 1813 191 1866 cierentur
201 1814 260 1866 otio
271 1815 364 1879 animi,
380 1831 450 1882 quos
459 1821 550 1867 metus
561 1815 684 1866 hostium
696 1811 855 1877 disciplina·

47 1897 102 1949 que
113 1882 246 1935 militaris
256 1885 444 1947 continuerat3
467 1885 589 1934 omnium
599 1884 729 1948 primum,
748 1896 806 1931 rem
817 1879 855 1930 ad

48 1951 259 2005 multitudinem
269 1954 436 2020 imperitam,
447 1958 475 2002 et
487 1952 544 2001 illis
555 1951 676 2001 saeculis
684 1947 855 2010 rudem‚effi-

47 2022 239 2087 cecissimam,
259 2023 376 2075 deorum
390 2027 496 2072 metum
510 2017 692 2071 iniiciendum
707 2021 784 2069 ratus
802 2026 853 2070 est.

47 2091 105 2154 eui
123 2105 211 2160 quum
231 2092 400 2145 descendere
416 2090 453 2142 ad
469 2090 576 2141 animos
592 2090 651 2141 sine
668 2086 764 2155 aliquo
781 2104 853 2152 eom:

47 2166 142 2214 mento
160 2163 292 2215 miraculi
312 2177 367 2214 non
387 2167 496 2229 posset,
516 2159 631 2212 simulat
651 2158 706 2210 sibi
724 2173 785 2211 curu
800 2160 854 2212 dea

47 2230 153 2299 Egeria
169 2245 335 2298 congressus
351 2237 503 2283 nocturnos
518 2246 591 2283 esse:
613 2229 673 2282 eius
689 2244 719 2281 sc
735 2231 853 2290 monitu,

47 2315 119 2366 quae
130 2302 329 2368 acceptissima
339 2301 392 2352 diis
403 2299 753 2365 essentsaerainstituere3
764 2312 853 2349 sacer-

48 2370 130 2423 dotes
140 2385 208 2422 suos
219 2371 321 2437 cuique
332 2371 447 2423 deorum
457 2371 615 2437 praeficere.
629 2370 720 2435 Atque
731 2366 854 2419 omnium

48 2441 187 2508 primum,
202 2439 240 2491 ad
252 2456 364 2491 cursum
375 2441 457 2491 lunae
462 2475 470 2501 ,
491 2442 520 2492 in
531 2439 677 2491 duedecim
689 2450 797 2486 menses
809 2432 854 2482 de·

49 2511 147 2563 scribit
158 2524 275 2561 annum:
287 2526 373 2577 quem,
380 2510 445 2578 quia
455 2512 582 2567 tricenus
593 2509 657 2573 dies
666 2504 876 2572 stagnumq-

49 2581 126 2632 sibus
137 2579 205 2657 lupa
219 2594 275 2629 uon
293 2581 400 2647 explet,
424 2581 589 2657 desuntque
607 2582 673 2636 dies
687 2574 787 2631 subde
802 2582 900 2625 annu,

37 2647 86 2709 qni
90 2646 241 2700 solstitiali
249 2649 461 2726 circumagitur
472 2663 560 2728 erbe,
572 2648 822 2713 intercalaribus
829 2650 910 2692 ruffi
