1860 2978
30 142 167 203 manv.
186 146 313 202 cista.
326 146 369 201 5⁷.
388 148 433 217 [a.
446 148 475 199 e.
487 149 546 213 347.
558 150 590 198 A.
603 149 633 200 o.
647 148 717 215 aa]
747 149 785 201 aa

31 253 164 306 ctoritate
175 260 287 306 senatus
294 255 421 306 tribunos
428 254 555 315 militurn,
562 260 703 319 postrerno
713 255 793 306 etiarn

31 326 120 376 bunos
132 324 223 390 plebei
235 325 417 390 appellarent,
433 330 461 374 et
473 324 632 373 consulibus
644 339 751 390 quoque
764 326 798 376 ab

39 400 182 461 potestate
203 395 258 444 rior
276 410 359 460 super
373 394 426 444 tali
440 409 470 444 re
486 392 633 444 inhibitam
649 393 798 446 referrent:

30 464 101 516 huni
112 464 212 529 plebei,
231 465 300 515 laeti
312 463 453 514 discordia
463 463 591 525 Petrum,
614 461 696 515 Ntttt
707 464 800 518 esseio

30 551 36 585 s
53 533 154 586 assailii
165 533 302 596 dicerent,
323 534 371 600 qui
380 551 433 586 aaa
443 532 550 597 ciuium,
569 549 622 585 noa
634 532 746 600 denique
756 533 801 586 ito·

30 604 98 656 &num
114 619 223 655 uuusera
239 613 344 664 esseut5
363 602 388 655 si
403 603 509 671 quaudo
521 601 671 670 promiscui
680 602 802 668 honores,

30 670 193 725 mmuuicata
203 672 355 740 respublica
366 682 441 736 esset,
452 681 508 724 tum
521 689 548 723 se
557 671 801 739 animaduersuros,

38 758 101 812 qua,
110 742 235 809 superbia
242 741 462 812 magistratuum,
472 741 556 793 irrita
566 745 802 797 senatusconsulta

30 820 100 873 tent;
119 811 229 865 iuterim
235 810 366 881 patricii,
385 810 468 864 saluti
478 813 567 880 legum
578 812 803 881 magistratuum·

30 881 226 947 :eaececundiu
241 898 293 950 per
303 897 331 934 sc
344 897 447 950 quoque
457 879 804 951 tribuniciampctestatem

30 959 120 1005 erem.

47 1019 134 1075 nvn.
151 1019 232 1072 Haec
251 1015 394 1072 contentio
413 1011 526 1071 minime
546 1016 648 1071 idoneo
667 1023 803 1087 tempore,

30 1106 81 1144 ium
92 1095 203 1142 tanturn
213 1089 281 1141 belli
291 1089 320 1142 in
331 1089 458 1143 manibus
469 1092 553 1151 esset,
564 1095 749 1155 occupaverat
760 1104 803 1141 co·

30 1160 148 1213 tationes
159 1159 313 1212 hominum:
334 1162 436 1223 donee,
455 1159 505 1210 ubi
520 1158 568 1209 diu
584 1158 701 1210 alternis
715 1158 804 1210 lulius

30 1230 210 1299 ancillasque,
234 1246 315 1296 quum
325 1231 362 1283 ad
371 1230 401 1282 id
409 1229 505 1283 delium
515 1227 570 1295 ipsi
578 1228 647 1280 satis
657 1227 746 1282 idonei
757 1230 803 1281 du-

30 1309 150 1364 cessent,
167 1316 220 1353 uon
235 1316 289 1353 esse
300 1314 427 1366 aequum,
446 1298 605 1352 mandatum
615 1298 668 1350 sibi
678 1316 696 1352 a
704 1301 805 1368 popula

30 1371 68 1439 ips'
86 1369 224 1435 honorem,
246 1370 417 1424 disseruere:
438 1376 499 1421 tum
509 1366 600 1421 Ahala
610 1367 745 1423 Servilius
755 1369 805 1421 tri·

35 1456 87 1492 nus
97 1439 233 1500 rnilitum,
256 1439 384 1493 Tacuisse
393 1456 421 1492 se
431 1447 489 1492 tam
499 1439 555 1503 diu,
566 1439 614 1503 ait,
624 1456 678 1493 aaa
690 1439 756 1510 qaia
764 1440 805 1493 iu·

38 1519 90 1563 tus
104 1507 255 1562 sententiae
268 1510 382 1581 fuerit;
402 1513 499 1579 (quem
517 1510 587 1563 euim
604 1510 701 1564 bouum
721 1510 806 1563 daem

44 1596 134 1634 eram
145 1595 195 1632 sua
205 1595 223 1630 a
237 1580 354 1646 puhlicis
364 1579 512 1644 consiliat)
533 1581 580 1634 sed
588 1580 653 1647 quia
664 1580 806 1644 malassit,

48 1653 115 1720 'egat
131 1665 180 1701 sua
196 1659 288 1716 sponte
304 1653 396 1704 cedem
406 1648 571 1704 auctoritati
581 1658 704 1716 senatus,
725 1666 806 1720 quam

56 1718 174 1773 unicium
180 1726 344 1785 potestatem
355 1720 481 1772 aduersus
490 1735 518 1771 se
527 1718 671 1787 implorari
676 1730 806 1789 pateren-

94 1785 163 1841 Tum
174 1805 286 1857 quoque,
303 1790 329 1841 si
338 1805 382 1842 res
393 1788 502 1851 sineret,
513 1787 628 1841 libenter
638 1805 666 1840 se
676 1790 807 1841 daturum

66 1874 101 1911 us
110 1857 146 1911 iis
152 1858 244 1931 fuisse
256 1858 294 1910 ad
301 1867 438 1926 receptum
447 1855 529 1909 nimis
538 1856 689 1923 pertinacis
703 1866 807 1910 seuten-

92 1929 152 1991 sed,
172 1945 253 1997 quum
269 1926 332 1980 belli
346 1926 519 1981 necessitates
529 1941 583 1979 aaa
593 1935 748 1993 exspectent
759 1923 807 1977 itu-

77 1997 222 2062 *cousilia,
240 1995 376 2066 potiorem
390 1995 442 2048 sibi
457 1996 623 2064 collegarum
629 1995 729 2066 gratia
739 2010 808 2048 rem-

83 2085 133 2122 ·am
144 2068 229 2141 fare:
249 2076 284 2130 et,
298 2066 323 2119 si
332 2075 441 2119 maneat
450 2063 481 2118 iu
491 2063 626 2119 sententia
639 2074 757 2132 senatus,
768 2065 807 2119 di·

91 2154 131 2192 em
140 2146 218 2191 nacte
224 2135 352 2207 proxima
363 2136 516 2198 dicturum
535 2152 576 2202 ac,
587 2134 612 2188 si
622 2134 682 2206 quis
690 2135 807 2191 interce·

95 2210 311 2269 nutuscausulta,
332 2206 501 2259 auctoritate
516 2222 545 2259 se
556 2208 624 2279 sure
641 2216 805 2262 contentum.

104 2283 150 2329 cto
161 2293 244 2344 quum
255 2274 329 2328 haud
338 2276 507 2329 immeritam
512 2277 625 2330 laudem
631 2278 806 2345 gratiamque

105 2362 182 2398 mnes
192 2347 314 2409 tulisset,
326 2344 637 2402 dictatoreP.Gornelio
649 2348 734 2410 dieto,
745 2347 807 2412 ipse

111 2416 238 2483 nagister
254 2417 377 2483 equiturn
394 2422 505 2471 oreatus
517 2419 644 2485 exemplo
656 2415 711 2468 init
723 2415 807 2466 colle·

116 2500 189 2552 nque
209 2486 392 2551 intuentibus,
414 2503 496 2557 quarn
511 2490 604 2556 gratia
619 2493 701 2552 atque
718 2483 807 2534 honos

124 2555 204 2608 trisne
217 2556 356 2608 interdurn
366 2573 420 2610 non
431 2558 603 2627 cupientibus
615 2559 715 2608 essent.
742 2553 807 2607 Bel·

128 2626 144 2678 il
153 2626 335 2681 rnernorabile
345 2626 407 2682 fnit.
426 2629 488 2681 Uno
499 2634 583 2694 atque
594 2640 628 2678 eo
638 2623 825 2686 laeilipioe-

135 2695 170 2752 ad
180 2697 292 2754 nntium
304 2696 416 2758 hostest
434 2699 532 2758 sistor
544 2695 700 2816 ειεῖὶω
708 2691 848 2751 litem·
903 2695 904 2703 ’

441 2887 451 2929 Ι
