1860 2978
222 39 869 98 queacsenioresanresmuotnuumcnaepotes
889 66 891 71 s

222 100 299 152 cuius
311 97 479 151 desiderium
489 97 565 164 plebi
572 97 660 147 multo
671 98 771 161 acrius,
781 112 916 164 quamco=

220 169 340 236 imperii,
359 168 493 219 rebantur
509 181 578 228 csse,
601 181 687 234 prope
706 166 856 232 malebant,
877 184 925 236 po

220 242 297 306 ipsos
308 237 480 290 decemviros
491 236 635 288 voluntate
648 237 723 289 abire
739 237 924 305 magistratu,

221 309 327 361 invidia
338 323 433 360 eorum
444 322 593 375 exsurgere
608 322 704 358 rursus
723 307 842 374 plebem.
880 308 910 362 Si

222 380 307 432 ducta
318 394 362 431 res
373 377 432 429 sine
440 376 570 444 populari
580 377 699 443 strepitu
711 377 747 428 ad
758 378 886 431 consules
896 394 929 433 re

223 455 272 502 aut
282 449 366 502 bellis
376 447 560 514 interpositis,
580 454 629 498 aut
640 446 831 500 moderatione
842 464 909 501 cons

222 519 348 586 imperiis
359 517 528 580 exercendis,
541 531 623 584 posse
633 517 662 585 in
672 517 839 570 oblivionem
850 519 929 572 tribu

223 590 332 655 plebem
349 587 458 639 adduci.
495 586 613 639 silentio
623 587 738 640 Patrum
754 587 874 641 edicitur
888 588 925 642 de

221 658 353 719 iuniores,
374 671 459 722 quum
477 657 538 708 sine
557 657 758 723 provocatione
778 657 921 726 imperiu

221 726 383 779 adnomina
392 725 569 790 respondent.
596 727 767 795 Legionibus
778 729 898 796 scriptis,

222 795 375 849 decemviri
389 798 601 860 comparabant,
623 813 692 864 quos
706 798 749 850 ire
766 797 802 850 ad
817 799 924 851 bellum

221 880 351 934 praeesse
366 864 534 919 exercitibus
549 872 700 932 oporteret.
735 868 877 935 Principes
895 869 925 920 in

222 935 358 988 cemviros
375 938 455 986 erant
467 931 501 994 Q.
511 933 615 987 Fabius
632 943 660 988 et
675 939 725 1004 Ap.
736 939 879 993 Claudius.
926 946 930 983 t

222 1003 411 1067 donimanus,
432 1017 515 1070 quam
528 1002 608 1069 foris,
630 1009 790 1074 apparebat
826 1009 911 1076 Appii

219 1075 288 1127 tiam
299 1073 436 1140 aptiorem
447 1074 503 1125 rati
514 1074 550 1126 ad
558 1077 778 1142 comprimendos
788 1078 908 1131 urbanos
928 1103 930 1123 ι

219 1144 341 1198 inFabio
349 1143 441 1196 minus
449 1142 560 1197 inbono
572 1152 712 1210 constans,
723 1163 805 1215 quam
815 1163 917 1201 navum

219 1213 291 1279 litia,
311 1215 452 1282 ingenium
469 1230 538 1268 esse.
573 1217 656 1268 Hunc
671 1217 744 1269 enim
757 1218 856 1281 virum,
879 1234 915 1289 eg

221 1286 288 1337 olim
300 1284 377 1337 domi
387 1285 569 1354 militiaeque,
580 1285 783 1340 decemviratus
793 1287 930 1356 collegae

220 1361 404 1418 mutaverant,
423 1360 454 1406 ut
463 1356 557 1424 Appii,
569 1371 650 1424 quam
661 1357 713 1419 aui,
733 1357 833 1410 similis
845 1358 926 1412 mall

219 1424 295 1475 Huic
305 1424 411 1477 bobum
421 1425 451 1475 in
461 1423 581 1489 Sabinis,
602 1426 649 1478 Μ’.
662 1426 799 1480 Rabuleio
810 1433 838 1480 et
850 1427 885 1490 Q.
896 1428 930 1481 P*

219 1492 323 1542 additis
339 1492 470 1560 collegis,
491 1496 661 1548 mandatum.
696 1497 735 1547 Μ.
747 1499 893 1551 Cornelius
910 1499 930 1544 ἰ

221 1561 286 1612 dum
297 1560 398 1634 missus
411 1576 473 1634 cum
483 1565 517 1633 L.
529 1566 652 1617 Minucio
665 1571 694 1618 et
704 1568 863 1620 T.Antonio
875 1575 904 1620 et
