1860 2978
97 106 176 161 ms.
187 107 226 159 11.
246 106 330 161 cnr.
340 108 384 161 aa.
394 108 437 161 27.
457 107 502 177 [n.
515 109 609 179 cas,
622 110 655 161 A.
665 108 695 161 c.
706 109 779 180 aa]
814 108 864 164 roa

71 232 97 268 m
115 223 191 269 esset
212 216 309 269 consul
323 217 429 269 civibus
447 217 519 278 suis,
541 216 696 282 imperator
717 216 865 270 militibus.

59 287 214 340 Mos-ebant
225 287 366 339 consulem
376 285 459 350 haec3
478 285 527 338 sed
538 286 720 352 tergiversari
731 301 776 338 res
787 302 868 354 coge·

60 356 121 408 bat:
133 357 204 409 adeo
214 357 244 407 in
255 357 374 409 alteram
385 372 496 408 causam
507 372 562 407 non
574 357 778 424 collegasolum
790 373 868 423 prae·

63 443 127 495 ceps
138 428 220 489 ierat,
235 428 284 481 sed
297 428 386 478 omnis
397 427 483 478 factio
494 426 638 479 nobilium.
673 428 725 488 lta,
747 428 870 480 medium

22 475 26 513 ¹
63 513 93 549 se
103 498 237 564 gerendo,
248 513 299 549 nec
308 498 397 565 plebis
407 496 509 549 vitavit
519 496 623 559 odium,
635 512 686 549 nec
693 497 766 564 apud
772 498 870 549 Patres

62 568 186 635 gratiam
202 567 276 618 iniit.
312 566 411 620 Patres
425 566 539 618 mollem
550 567 692 619 consulem
703 573 732 619 et
743 569 871 620 ambitio·

62 637 199 701 sumrati;
211 636 307 700 plebes
314 636 457 689 fallacem:
467 636 600 705 breuique
607 638 747 704 apparuit,
757 653 871 706 aequas·

63 722 94 761 sc
105 722 169 760 eum
177 707 262 773 Appii
273 706 376 759 odium.
394 708 541 760 Certamen
552 707 712 759 oonsulibus
722 709 872 769 inciderat,

63 783 128 830 uter
139 776 284 829 dedicaret
294 777 428 829 Mercurii
439 777 545 830 aedem.
567 775 687 830 Senatus
698 793 716 828 a
725 794 756 830 se
766 794 824 830 rem
836 778 874 829 ad

63 846 198 914 populum
212 847 323 899 reiecit:
343 847 400 898 utri
415 863 511 900 eorum
526 847 669 900 dedicatio
684 847 763 899 iussu
774 849 874 915 populi

65 918 134 969 data
143 921 227 979 esset,
249 932 312 970 eum
323 932 453 984 praeesse
464 931 600 978 annonae,
619 923 807 970 mercatorum
819 919 875 969 col·

64 987 173 1054 legium
183 987 340 1050 instituere,
360 986 499 1038 sollennia
512 1000 564 1052 pro
580 988 712 1052 pontifice
722 988 805 1039 iussit
816 1004 875 1039 sus·

65 1057 170 1124 cipere.
204 1054 245 1109 Po
264 1056 327 1109 ulus
344 1056 548 1109 dedicationem
564 1056 642 1107 aedis
657 1056 706 1106 dat
721 1057 760 1108 Μ.
772 1057 875 1109 Laeto·

65 1127 120 1189 rio,
130 1126 216 1194 primi
225 1072 276 1195 pdi
287 1126 456 1179 centurioni:
473 1123 547 1193 quod
557 1125 641 1176 facile
651 1131 806 1192 appareret,
820 1141 877 1177 non

66 1204 128 1249 tam
140 1196 178 1248 ad
187 1195 321 1250 honorem
332 1197 403 1260 eius,
425 1196 469 1247 eui
479 1194 587 1247 curatio
605 1195 690 1245 altior
699 1195 814 1263 fastigio
825 1209 875 1246 suo

67 1268 236 1331 dataessct,
254 1267 373 1330 factum,
392 1281 474 1334 quam
485 1265 521 1316 ad
531 1264 675 1316 consulum
685 1265 875 1333 ignominiam.

66 1336 185 1391 Saevim
199 1336 264 1390 inde
278 1337 375 1404 utique
393 1336 537 1388 consulum
555 1335 804 1405 alterPatresquc:
825 1335 877 1388 sed

66 1407 146 1476 plebi
157 1414 300 1461 creverant
309 1407 409 1471 animi;
427 1411 456 1458 et
465 1406 549 1474 longe
560 1405 626 1469 alia,
641 1408 824 1474 quamprimo
836 1408 876 1457 in·

67 1478 236 1541 stituerunt,
256 1477 523 1546 siagrassabantur.
557 1476 715 1544 Desperato
726 1478 800 1529 enim
813 1493 876 1529 con-

67 1549 160 1600 sulum
176 1553 344 1616 senatusque
358 1548 479 1610 auxilio,
499 1562 582 1614 quum
599 1548 629 1598 in
638 1547 683 1599 ius
694 1546 757 1599 duci
768 1548 877 1601 debito·

67 1634 127 1670 rem
137 1616 288 1681 vidissent,
306 1618 428 1685 undique
440 1617 635 1670 convolabant.
671 1617 768 1685 Neque
783 1617 876 1670 decre·

66 1695 128 1741 tum
138 1688 268 1741 exaudiri
277 1689 400 1740 consulis
411 1703 479 1755 prae
489 1689 610 1754 strepitu
625 1693 654 1740 et
665 1687 788 1739 clamore
799 1694 876 1755 pote·

66 1764 125 1809 rat:
134 1772 233 1824 neque,
243 1774 327 1826 quum
339 1759 488 1820 decresset,
500 1758 645 1825 quisquam
651 1757 827 1824 obtemperal
835 1763 874 1809 at.

66 1829 104 1882 Vi
116 1827 262 1896 agebatur,
273 1835 418 1897 metusque
430 1829 520 1879 omnis
527 1827 716 1894 etpcriculum
723 1827 876 1889 libertatis,

66 1913 151 1965 quum
161 1898 190 1949 in
202 1905 350 1965 conspectu
367 1897 490 1951 consulis
507 1897 611 1962 singuli
623 1912 640 1946 a
650 1895 776 1961 pluribus
787 1896 878 1948 viola·

65 1965 747 2031 rentur,increditoresadebitoribusvertcrant.
784 1962 874 2031 Super

65 2036 136 2091 haec
144 2038 230 2090 timor
239 2039 355 2093 incessit
365 2036 461 2090 Sabini
469 2034 551 2099 belli;
574 2033 738 2100 delectuque
749 2033 875 2100 decreto,

58 2123 148 2167 ,nemo
158 2123 259 2161 nomen
269 2108 355 2172 dedit,
371 2107 481 2159 furente
491 2104 589 2171 Appio,
609 2110 637 2157 ct
647 2104 804 2159 insectante
817 2120 875 2157 am-

64 2178 201 2233 bitionem
210 2179 347 2248 collegae,
358 2178 406 2246 qui
415 2175 545 2245 populari
551 2175 663 2228 silentio
670 2177 873 2243 rempublicam

65 2248 208 2316 proderet,
230 2255 259 2301 et
269 2249 306 2301 ad
316 2248 361 2311 id,
382 2246 456 2315 quod
468 2245 502 2298 de
513 2245 622 2298 credita
636 2248 753 2313 pecunia
763 2249 807 2300 ius
818 2263 873 2300 non

66 2320 200 2381 dixisset,
221 2319 371 2381 adiiceret,
390 2323 423 2369 ut
431 2332 466 2370 ne
477 2315 615 2368 delectum
626 2317 737 2384 quidem
749 2333 784 2370 ex
795 2333 874 2368 sena·

65 2389 243 2442 tusconsulto
253 2388 378 2443 baberet.
408 2385 472 2441 Non
481 2403 537 2439 esse
547 2397 638 2439 tornea
648 2389 782 2440 desertam
792 2385 874 2438 omni·

66 2478 101 2514 no
111 2460 312 2527 rempublicam,
322 2474 407 2526 neque
414 2453 874 2526 proiectamconsulareimperiam.

69 2531 104 2583 Se
114 2546 198 2585 anum
209 2539 236 2582 et
245 2546 310 2583 suae
321 2540 348 2582 et
358 2527 475 2581 Petram
488 2526 639 2580 maiestatis
655 2525 785 2576 uindicem
799 2521 875 2593 sore.

69 2603 161 2665 Quum
172 2599 366 2653 circumstaret
377 2597 541 2666 quotidiana
550 2593 702 2646 multitudo
712 2594 877 2645 licentiaac·

70 2686 170 2735 oense,
191 2670 278 2739 arripi
287 2684 371 2722 uuum
381 2669 519 2736 insignem
534 2661 893 2718 dueenrsedmouumxus·
