1860 2978
42 39 145 115 misto
159 64 242 115 e'xtra
259 39 371 130 poitim
385 63 576 131 Trigeminam
597 68 640 115 est
661 61 794 124 donatas,
815 77 851 114 ne

42 132 126 200 plebe
136 131 248 199 quidem
259 133 356 196 invita,
368 134 432 201 quia
441 133 609 185 frumentum
619 132 798 194 Maelianum,
809 147 852 182 as-

42 203 121 255 sibus
133 203 164 252 in
173 203 282 253 modios
294 203 478 266 aestimatum,
488 203 564 269 plebi
575 203 681 254 divisit.
704 204 787 253 Hunc
798 201 851 251 Mi·

43 272 166 333 nucium,
177 272 250 338 apud
257 273 391 337 quosdam
403 280 539 335 auctores,
551 273 684 324 transisse
695 288 712 322 a
721 271 851 322 Patribus

43 341 81 393 ad
91 341 215 407 plebem,
237 341 465 406 undecimumque
477 343 617 392 tribunum
633 343 721 407 plebis
740 347 852 406 coopta-

43 419 104 462 tum
116 410 291 472 seditionem,
308 417 413 461 motam
425 427 459 462 ex
469 410 612 463 Maeliana
624 411 716 472 caede,
731 411 853 472 sedasse,

43 479 168 531 invenio.
205 481 334 532 Ceterum
345 481 393 531 vix
404 481 538 532 credibile
550 486 601 543 est,
612 495 756 530 numerum
766 480 852 529 tribu·

44 564 145 601 norum
150 547 249 601 Patres
260 550 356 617 augeri
367 565 472 616 passos,
482 549 566 617 idque
576 549 751 616 potissimum
763 562 854 599 exem·

43 619 123 687 plum
134 633 152 669 a
161 619 281 685 patricio
297 619 409 672 bomine
422 619 627 684 introductum
646 633 699 671 nec
713 616 812 670 deinde
823 615 853 667 id

44 688 158 755 plebem
173 703 334 740 concessum
349 689 437 742 semel
452 691 622 753 obtinuisse,
643 693 694 741 eut
705 693 780 741 certa
795 691 854 740 ten·

45 766 132 809 tasse.
169 757 224 810 Sed
236 764 301 811 ante
311 760 404 811 omnia
413 758 520 813 refellit
530 758 633 812 falsum
644 758 777 827 imaginis
786 758 854 809 titu-

45 827 106 879 lum
114 827 287 893 naucisante
299 831 379 878 annis
389 830 453 895 lege
463 835 584 889 cautum,
595 842 630 878 ue
639 829 759 879 tribunis
770 826 854 878 colle·

47 911 112 963 gam
124 901 256 964 cooptare
267 896 372 949 liceret.
411 899 444 960 Q.
456 896 604 959 caecilius,
615 895 649 958 Q.
658 895 771 960 lunius,
777 894 854 948 Sext.

46 965 181 1028 Titinius,
201 965 257 1017 soli
268 981 303 1018 ex
313 965 433 1034 collegio
444 967 620 1018 tribunorum
631 982 720 1034 aeque
729 966 855 1019 tulerant

46 1035 82 1089 de
95 1034 248 1088 honoribus
258 1035 375 1087 Minucii
389 1036 493 1104 legem3
514 1043 543 1088 et
558 1036 701 1105 criminari
714 1052 788 1088 nunc
801 1035 855 1087 Mi·

45 1104 167 1167 nucium,
176 1119 249 1156 nunc
258 1103 407 1157 Servilium
418 1105 493 1173 apud
505 1105 625 1173 plebem,
641 1107 774 1173 querique
784 1104 856 1156 indi·

47 1190 133 1242 gnam
150 1189 246 1227 necem
265 1173 365 1227 Maelii
386 1190 441 1226 non
461 1175 638 1227 destiterant.
674 1173 856 1228 Pervicerunt

45 1244 149 1312 igitur,
170 1250 202 1295 ut
216 1243 391 1295 tribunorum
402 1242 523 1295 militum
532 1244 642 1310 potius,
664 1258 747 1310 quem
758 1258 855 1294 consu·

46 1315 116 1376 lum,
125 1313 239 1366 comitia
249 1311 433 1376 haberentur;
452 1311 526 1363 baud
539 1311 630 1373 dubii,
648 1312 713 1378 quin
724 1326 774 1363 sex
784 1311 854 1363 locis

46 1390 104 1449 (tot
113 1382 253 1437 animiam
265 1383 355 1435 creari
367 1381 483 1444 licebat)
498 1386 527 1432 et
537 1380 639 1448 plebeii
650 1381 751 1448 aliqui,
770 1381 855 1447 proli·

47 1452 293 1507 tendoseultores
308 1452 372 1504 fore
380 1450 538 1503 Maelianae
555 1449 662 1515 caedis,
684 1456 853 1505 crearentur.

46 1522 146 1585 Plebs,
167 1538 325 1590 quanquam
346 1521 456 1589 agitata
474 1521 570 1573 multis
591 1536 624 1573 eo
640 1536 712 1574 anno
727 1527 756 1577 et
769 1520 853 1575 variis

46 1592 173 1645 motibus
181 1600 252 1655 erat,
267 1608 319 1644 nec
328 1591 431 1659 plures,
444 1606 526 1659 quam
537 1597 604 1654 tres,
618 1592 747 1644 tribunos
758 1606 853 1644 consu·

45 1661 104 1717 lari
115 1666 257 1729 potestate
268 1662 386 1726 creavit,
407 1662 477 1715 etin
485 1661 522 1714 iis
531 1660 566 1715 L.
576 1661 736 1724 Quinctium
746 1661 854 1714 Cincin·

45 1732 110 1787 nati
129 1731 229 1785 filium:
261 1749 297 1787 ex
317 1733 395 1786 cuius
417 1732 573 1785 dictaturae
592 1733 701 1785 invidia
718 1730 854 1782 tumultus

48 1801 247 1870 quaerebatur.
288 1803 433 1857 Praeletus
452 1800 594 1870 suffragiis
613 1800 745 1863 Quinctio
766 1797 854 1848 Mam.

47 1870 194 1934 Aemilius,
207 1873 253 1925 vir
261 1889 385 1928 summm
396 1873 551 1943 dignitatis.
586 1870 621 1923 L.
630 1871 731 1923 lulium
740 1865 855 1918 tertium

49 1946 156 1995 creant.

102 2009 192 2065 xvss.
209 2009 347 2066 laborum
356 2013 521 2082 magistratu
532 2007 668 2070 Fidenae,
684 2002 857 2056 coloniaRo·
