1860 2978
85 110 158 161 Lus.
171 107 226 160 lll.
245 109 318 162 Can.
329 108 430 161 26-28.
452 109 496 176 [U.
508 111 537 160 C.
550 112 607 176 296.
622 112 652 160 A.
665 109 692 159 C.
704 109 774 176 loo]
802 108 851 160 175

51 219 124 264 trum
136 211 226 261 maior
236 226 308 276 puers.
336 211 380 261 Ea
388 210 543 278 frequentia
553 211 681 277 stipatus,
692 211 853 264 anteceden-

52 282 125 333 tibus
136 280 290 342 lictoribus,
302 280 436 332 dcductus
448 286 489 332 cst
503 281 621 332 donnum.
642 281 679 330 let
690 281 779 347 plebis
791 296 852 332 con-

52 366 149 403 cursus
171 351 268 416 ingens
288 349 356 400 fuit:
382 350 431 401 scd
452 366 484 400 ea
505 365 675 417 nequaquam
699 357 755 399 tam
778 351 854 401 lacta

52 421 212 484 Quinctium
225 419 309 483 uidit3
327 427 355 472 et
365 421 474 486 imperii
484 421 606 480 nimium,
617 425 645 470 ct
655 421 744 469 virum
753 419 782 468 in
792 420 852 485 ipso

51 489 170 556 imperio
181 488 414 541 vehementiorem
430 497 501 541 rata.
539 490 576 539 Et
590 489 640 539 illa
652 489 760 554 quidem
772 496 854 541 nocte

51 559 123 611 nihil
137 566 331 625 praeterquam
340 559 485 626 vigilatum
496 564 538 611 est
547 559 576 609 in
586 559 661 608 urbe.

106 626 220 678 XXVII.
238 627 353 679 Postero
369 629 413 679 die
429 628 565 690 dictator,
586 643 667 695 quum
685 633 748 681 ante
763 629 855 681 lucem

51 699 80 749 in
93 695 185 747 forum
198 697 332 761 venisset,
352 699 514 764 magistrum
530 698 652 765 equitum
664 697 731 749 dicit
741 698 773 749 L.
786 700 856 751 Tar·

53 767 171 834 quitium
182 767 316 833 patriciae
327 769 426 834 gentis,
438 768 487 819 sed
500 769 555 834 qui,
569 784 651 835 quum
662 767 800 834 stipendia
809 784 856 834 pe·
922 770 926 781 “

53 837 136 887 dibus
144 842 259 902 propter
269 842 461 903 paupertatem
473 837 596 899 fecisset,
611 837 685 889 bollo
697 844 790 890 tamen
801 839 854 904 pri·

51 920 114 957 mus
129 905 213 974 louge
223 907 365 958 Romanae
377 908 530 958 iuventutis
546 905 655 959 habitus
667 913 749 960 esset.
786 909 854 960 Cum

52 974 188 1042 magistro
200 976 321 1043 equitum
332 977 362 1027 in
374 976 533 1028 concionem
544 978 629 1040 venit,
648 977 786 1028 iustitium
799 977 856 1028 edi-

52 1045 100 1106 cit,
112 1043 205 1095 claudi
216 1046 346 1098 tabernas
357 1051 419 1099 tota
430 1048 497 1098 urbe
507 1046 592 1108 iubet,
603 1051 681 1098 vetat
692 1061 856 1114 quemqnam

50 1114 181 1181 privatae
197 1116 343 1182 quicquam
359 1116 401 1168 rei
417 1131 509 1183 agere.
545 1117 626 1177 Tum,
648 1116 800 1181 quicunque
813 1130 857 1166 ae·

50 1189 113 1235 tate
123 1183 243 1235 militari
253 1191 352 1248 essent,
359 1186 469 1248 amiati,
482 1200 542 1236 cum
551 1185 660 1236 cibariis
672 1185 699 1235 in
710 1184 768 1234 dics
780 1183 846 1251 quin

51 1268 107 1321 que
128 1254 214 1305 coctis
229 1254 365 1322 vallisque
387 1255 534 1317 duodenis,
557 1260 621 1306 ante
641 1255 709 1304 solis
728 1268 857 1304 occasum

50 1322 158 1374 Martio
173 1323 202 1373 in
220 1339 317 1391 campo
330 1325 470 1376 adessent:
494 1324 591 1391 quibus
602 1329 679 1376 aetas
690 1323 726 1376 ad
737 1323 856 1375 militan-

51 1391 118 1443 dum
130 1393 244 1460 gravior
255 1400 337 1457 essct,
357 1395 449 1446 vicino
461 1395 558 1459 militi,
580 1394 677 1445 dumis
690 1409 767 1446 arma
777 1409 856 1461 para·

51 1469 105 1526 ret,
125 1462 281 1531 vallumque
297 1471 412 1531 peteret,
434 1465 538 1516 cibaria
552 1479 670 1532 coquere
683 1465 772 1516 iussit.
811 1462 856 1515 Sic

51 1531 184 1583 iuventus
200 1532 331 1584 discunit
346 1533 382 1586 ad
396 1535 500 1586 vallum
519 1534 681 1602 petendum:
704 1549 856 1600 sumpsero,

49 1600 126 1657 ,unde
133 1602 232 1668 cuique
242 1604 399 1670 proximum
409 1604 474 1656 fuit:
485 1603 642 1671 prohibitus
648 1619 729 1658 nemo
741 1609 795 1654 est:
806 1603 856 1653 im·

50 1670 187 1789 pigroque
198 1686 293 1724 omnes
304 1673 341 1724 ad
351 1673 471 1726 edictum
488 1673 634 1727 dictatoris
645 1679 757 1740 praesto
770 1672 855 1724 fuere.

50 1739 86 1791 ln
106 1755 121 1791 e
132 1743 285 1808 composito
297 1744 415 1812 agmine,
425 1759 480 1795 non
490 1744 585 1796 itineri
595 1744 684 1810 magis
696 1743 764 1809 apti,
776 1757 856 1808 quam

51 1809 172 1879 proelio,
182 1811 207 1862 si
216 1826 262 1864 res
272 1812 312 1864 ita
321 1814 442 1877 tulisset,
452 1813 577 1881 legiones
588 1813 648 1878 ipsc
661 1812 789 1872 dictator,
800 1826 855 1861 ma-

51 1879 144 1948 gister
153 1881 278 1947 equitum
288 1898 353 1935 suos
365 1883 471 1950 equites
482 1882 565 1934 ducit.
602 1882 632 1930 ln
642 1885 759 1947 unoque
770 1881 856 1946 agmi-

51 1965 98 2012 ne,
108 1958 291 2018 quastcmpus
302 1953 391 2021 ipsum
401 1952 543 2019 poscebat,
550 1946 757 2001 adhortationes
763 1955 854 2000 erant:

52 2019 192 2073 addecet
201 2023 338 2091 gradum
358 2016 497 2074 maturato
512 2036 578 2089 opus
593 2035 661 2082 esse,
682 2027 713 2070 ut
729 2027 805 2071 nocte
822 2020 858 2071 ad

50 2089 156 2141 hostem
164 2092 303 2157 pervenire
311 2100 437 2161 possent:
448 2092 580 2144 censalem
590 2089 791 2159 exercitumque
801 2087 858 2142 Ro.

51 2174 163 2211 manum
174 2160 304 2214 obsideri.-
321 2161 434 2215 tertium
445 2160 512 2214 diem
522 2160 578 2213 iam
589 2162 693 2214 clausus
704 2177 773 2214 em:
792 2160 857 2230 quid

50 2242 173 2296 quaeque
183 2248 238 2283 nox
247 2240 299 2283 aut
307 2232 458 2304 ditescant,
467 2231 600 2284 incertum
610 2246 679 2284 esee:
687 2242 790 2300 puncto
801 2248 856 2283 eae·

47 2313 85 2366 pe
98 2300 227 2365 temporie
236 2301 415 2354 maximarum
426 2317 516 2353 rerum
528 2311 661 2355 momenta
669 2302 748 2354 certi.
776 2301 856 2353 Acce·

49 2370 111 2421 Iera
121 2365 248 2441 signifer,
267 2387 375 2440 sequere
391 2371 473 2434 utiles,
492 2371 606 2423 intense
616 2387 732 2439 quoquc,
753 2369 856 2437 gratifi-

52 2442 150 2487 cantes
161 2436 283 2503 ducibus,
296 2441 461 2493 clamabant.
485 2440 582 2493 Media
594 2447 675 2493 nocte
686 2441 716 2489 in
726 2437 853 2505 Algidum

51 2507 230 2573 perveniunt:
252 2517 287 2571 et,
302 2517 334 2562 ut
344 2526 464 2573 sensere,
476 2526 505 2562 se
516 2511 572 2562 iam
584 2524 670 2576 prope
681 2506 774 2558 hostes
786 2522 854 2569 csse,

51 2575 135 2644 signa
146 2579 325 2632 constituunt.
552 2598 559 2603 ·

88 2644 233 2764 ἸΧῗΝΙΙΙ.
262 2649 304 2698 lbi
323 2650 458 2714 dictator,
480 2654 611 2717 quantum
623 2649 716 2771 {¹1⁰⁰oe
735 2645 867 2710 puosp‘xc'x

108 2715 122 2764 ¹.
151 2720 312 2770 11v.'l'ou.l.
