1860 2978
64 139 141 192 Lrn.
153 139 191 193 ll.
211 141 283 193 Car.
295 139 338 194 59.
349 139 393 194 60.
414 141 459 210 [U.
472 142 501 195 C.
512 145 571 196 283.
584 141 615 194 A.
626 143 655 193 C.
667 144 737 212 loq]
774 144 823 222 ill

30 245 146 312 peciem
158 246 302 296 obversari
311 247 485 298 anteoculos.
502 245 826 314 Victustandem,(quan·

30 313 173 382 loquidem
190 313 260 364 nihil
276 322 387 381 praeter
406 322 513 381 tompus
532 330 621 367 noxae
637 317 826 381 lucrarentur)

30 384 142 435 omissa
154 383 303 444 concione,
322 386 377 434 iter
388 386 416 433 in
427 386 614 449 insequentem
626 387 697 438 dicm
710 402 827 453 pronun·

30 453 89 503 ,iari
101 467 185 517 quum
195 453 331 514 iussisset,
346 453 437 518 prima
448 452 509 504 luce
522 455 637 506 classico
648 458 755 524 signum
765 472 828 523 pro·

30 522 154 574 'ectionis
172 521 259 572 dedit.
296 523 386 584 Quum
397 523 518 574 maxime
537 538 661 591 agmone
673 528 771 577 castris
783 542 828 579 ex·

30 592 186 659 dicaretur,
197 589 303 654 Volsci,
322 598 354 643 ut
367 592 464 645 eodem
475 593 554 660 signo
566 594 692 656 excitati,
712 596 829 646 novissi·

30 676 82 713 nos
93 659 268 713 adoriuntur.
290 663 312 713 Α
324 661 421 728 quibus
431 661 556 728 perlatus
568 663 603 714 ad
615 664 718 729 primos
728 664 829 715 tumul·

30 747 77 793 ms,
89 745 125 783 eo
136 745 241 796 povore
252 731 385 798 signaque
396 738 424 783 et
436 732 546 784 ordines
556 733 689 796 turbavit,
699 740 730 784 ut
741 748 829 800 neque

30 800 145 867 imperia
155 800 290 863 exaudiri,
300 816 390 868 neque
400 801 502 853 instrui
514 803 588 854 acies
598 809 720 869 possent.
740 803 828 855 Nemo

30 870 123 932 ullius,
144 869 199 920 nisi
214 869 312 938 fugae,
331 886 444 923 memor.
480 873 524 923 lto
543 872 631 924 elluso
653 873 762 940 agmine
780 887 831 938 per

30 946 148 1008 rtragem
159 955 306 1007 corporum
317 957 511 1009 armorumque
522 958 643 1004 evasere,
652 949 685 992 ut
694 943 770 1009 prius
782 941 830 993 ho·

30 1011 76 1062 stis
93 1009 244 1063 desisteret
258 1013 350 1079 sequi,
371 1026 451 1078 quam
463 1011 603 1062 Romanus
616 1011 721 1078 lugere.
757 1012 830 1063 Tan-

30 1079 101 1142 dem,
123 1080 251 1132 collectis
262 1096 297 1133 ex
308 1081 442 1147 dissipato
454 1096 536 1131 eursu
554 1080 704 1141 militibus,
726 1080 832 1142 consul,

30 1165 110 1217 quum
123 1150 282 1201 revocando
297 1152 481 1214 nequicquam
496 1164 561 1198 suos
576 1153 738 1213 persecutus
751 1157 832 1212 esset,

30 1219 52 1270 'm
62 1224 166 1286 pacato
177 1233 246 1286 agro
258 1225 351 1269 castra
363 1218 470 1284 posuit3
488 1216 680 1283 advocataque
691 1218 832 1281 concione,

30 1289 151 1340 lisvectus
166 1287 239 1339 haud
253 1286 325 1338 falso
342 1287 371 1338 in
382 1287 554 1353 proditorem
565 1287 718 1338 exercitum
728 1287 833 1339 milita-

30 1359 63 1410 ris
75 1357 252 1425 disciplinae,
271 1357 440 1410 desertorem
452 1357 606 1425 signorum3
624 1357 672 1408 ubi
682 1357 771 1425 signa,
783 1357 833 1409 ubi

35 1444 105 1480 uma
117 1435 218 1491 essent,
225 1428 350 1494 singulos
360 1428 495 1496 rogitans,
501 1428 621 1479 inermes
632 1427 745 1490 milites,
751 1428 831 1494 signo

41 1499 131 1549 misso
147 1497 311 1566 signiferos3
334 1498 370 1549 ed
390 1496 444 1549 hoc
459 1498 633 1550 centuriones
650 1497 832 1566 duplicarios-

44 1584 92 1631 ne,
115 1568 162 1635 qui
181 1567 352 1635 reliquerant
374 1567 498 1631 ordines,
520 1568 607 1634 virgis
628 1583 724 1619 caesos
740 1566 833 1619 securi

48 1637 171 1690 ercussit.
209 1638 310 1690 Cetera
324 1637 475 1690 multitudo
491 1644 568 1689 sorte
585 1636 706 1689 decimus
717 1638 832 1705 quisque

51 1707 60 1758 l
71 1707 239 1775 supplicium
248 1706 323 1760 lecti.

77 1776 139 1829 LX.
160 1778 265 1829 Contra
280 1793 313 1829 ea
325 1778 356 1829 in
365 1778 467 1845 Aequis
481 1778 556 1829 inter
567 1777 707 1829 consulem
719 1791 752 1827 ac
761 1775 834 1826 mili·

61 1863 82 1898 n
100 1847 235 1900 comitate
253 1863 286 1899 ac
295 1848 438 1900 beneflciis
451 1853 587 1900 certatum
599 1851 650 1897 est.
687 1846 724 1894 Et
735 1850 835 1896 natura

66 1916 175 1969 ¹inctius
190 1923 250 1969 erat
264 1916 368 1978 lenior,
392 1923 420 1968 et
442 1917 562 1967 saevitia
581 1914 681 1963 infelix
697 1912 832 1978 collegae,

70 2000 81 2038 ³
97 1986 123 2036 is
132 1987 221 2054 magis
229 1986 365 2054 gauderet
373 1984 486 2051 ingenio
497 1998 561 2045 suo,
583 1981 722 2033 effecerat.
758 1981 833 2032 Huic

74 2061 122 2108 tae
133 2057 298 2108 concordiae
309 2055 388 2106 ducis
400 2052 593 2117 exercitusque
603 2065 658 2101 non
665 2049 833 2102 ausiofferre

89 2126 180 2193 Aequi
194 2127 292 2193 vagari
312 2122 538 2192 populabundum
558 2120 665 2173 hostem
685 2134 735 2188 per
750 2135 833 2188 agros

83 2196 113 2247 ri.
134 2194 193 2247 Nec
203 2197 261 2248 ullo
274 2202 338 2247 anto
348 2195 423 2247 bello
436 2193 522 2245 latius
533 2192 598 2243 indo
609 2196 689 2243 actae
699 2190 831 2258 praedae:

88 2265 118 2317 iis
129 2265 216 2317 militi
227 2266 294 2318 data
304 2270 354 2318 est.
373 2263 555 2316 Addebantur
567 2268 595 2313 et
606 2259 711 2324 laudes,
724 2261 832 2329 quibus,
877 2294 879 2298 v

91 2334 202 2387 lminus
214 2352 296 2405 quam
306 2335 443 2401 praemio,
463 2333 586 2401 gaudent
600 2331 721 2383 militum
738 2329 831 2382 animi.

97 2427 101 2455 ·.
114 2405 191 2468 duci,
212 2411 272 2457 tum
282 2410 397 2472 propter
407 2404 504 2455 ducem
514 2402 645 2453 Patribus
656 2416 765 2468 quoque
775 2398 834 2465 pla·

102 2491 120 2526 r
130 2477 268 2527 exercitus
279 2474 377 2538 rediit3
396 2474 449 2524 sibi
459 2479 615 2538 parentem,
635 2471 719 2522 alteri
730 2466 833 2519 exerci-

105 2545 225 2596 ominum
248 2545 342 2595 datum
360 2545 394 2595 ab
410 2549 522 2604 senatu,
543 2555 708 2592 memorans.
745 2535 834 2586 Varia

110 2615 233 2677 sabelli,
253 2614 342 2674 atroci
357 2612 495 2665 discordia
511 2610 588 2662 domi
598 2609 721 2673 forisque
733 2620 834 2657 annum

114 2699 166 2748 um,
176 2685 314 2752 insignem
326 2684 447 2735 maxime
458 2681 575 2735 comitis
582 2677 695 2730 tributa
703 2675 854 2742 emirum
