1860 2978
267 106 398 158 LIBER
416 106 436 159 l.
473 106 556 159 CAP.
569 105 592 159 1.
604 108 629 158 2.
641 106 666 159 3.
850 110 865 158 7

457 187 867 200 *αα-ψ’*-

58 233 154 271 eorum
165 233 274 287 regem,
285 216 460 283 confugiunt:
477 218 533 287 qui,
551 221 650 280 cuore,
662 218 795 285 opulento
807 224 866 268 tum

57 288 172 355 oppido,
182 288 358 353 imperitans,
368 288 425 339 iam
436 288 500 340 inde
511 290 545 341 ob
555 289 638 340 initio
651 288 763 339 minime
775 286 867 339 lactus

56 372 145 411 ueri-ae
160 357 274 424 urigine
283 357 375 420 urbis,
394 363 422 409 et
432 363 489 408 tum
509 358 594 410 nimio
604 358 681 425 plus,
703 372 785 425 quom
795 358 865 408 satis

57 433 146 478 tutum
165 432 243 479 esset
259 426 377 488 accolis,
396 442 455 479 rem
471 429 624 480 'l'roionom
640 443 763 479 crescere
778 435 866 488 ratus,

56 494 128 547 lroud
145 497 285 564 giemum
302 496 381 548 socia
397 512 475 549 armo
488 499 599 551 Rutulis
614 498 713 549 iunxit.
749 499 865 558 Aeneas,

56 566 191 633 aduersus
202 568 274 619 tenti
284 566 353 618 belli
367 572 502 619 terrorem
518 576 549 620 ut
564 570 672 619 animos
683 568 864 635 Aboriginum

56 635 107 689 sibi
118 636 296 698 conciliaret,
316 651 351 687 ne
361 638 411 689 sub
424 638 521 690 codem
531 640 592 691 iure
604 640 705 701 solum,
720 638 864 689 sedetiam

56 706 176 768 nomine,
194 720 291 758 omnes
301 712 403 768 essent,
416 707 529 760 Latinos
540 715 687 775 utrumque
697 714 807 775 gentem
818 722 865 773 np-

56 775 182 843 pellovit.
221 775 280 827 Nec
295 775 396 828 ‹leinde
406 777 571 845 Aborigines
582 778 711 830 'l'roiouis
727 778 820 829 studio
832 791 864 826 oc

58 845 110 896 ide
121 859 193 910 erga
203 848 413 912 regemAenean
425 864 545 899 cessere:
556 849 699 913 fretusque
709 846 753 897 his
765 846 864 897 atriolis

59 914 277 967 coalescentium
287 916 317 965 iu
327 915 388 967 dies
404 918 492 983 magis
508 917 624 967 duorum
639 916 803 983 populorum
814 918 865 967 Ae·

58 1000 137 1047 neas,
160 998 318 1052 quanquam
334 990 414 1036 tonte
430 986 527 1050 opibus
541 988 652 1036 Etruria
667 992 740 1046 erut,
761 993 793 1036 ut
807 986 863 1035 inm

57 1069 110 1106 uon
120 1058 216 1105 terras
226 1054 331 1116 solum,
352 1053 401 1104 scd
412 1069 488 1104 mare
500 1056 583 1105 etium
599 1070 650 1120 per
665 1061 753 1104 totam
765 1055 864 1105 ltolioe

57 1122 273 1191 longitudinem,
295 1123 330 1174 ab
341 1124 457 1189 Alpibus
468 1123 504 1174 orl
520 1123 622 1175 fretum
633 1122 770 1185 Siculum,
790 1124 865 1175 fonto

57 1193 177 1245 nonrinis
188 1193 234 1244 sui
247 1194 408 1258 implesset,
428 1201 535 1256 tanton,
559 1208 642 1261 quum
653 1192 798 1245 moenibus
808 1193 865 1243 bel·

57 1261 114 1314 lum
125 1263 293 1329 propulsare
303 1269 407 1329 posset,
426 1264 455 1314 in
467 1265 553 1316 uelem
567 1262 662 1331 copies
675 1263 779 1315 eduxit.
817 1261 864 1314 Se·

59 1333 178 1383 cundum
196 1332 261 1383 iude
276 1334 413 1399 proelium
429 1334 550 1398 Latinis,
570 1336 679 1387 Aeneae
697 1334 781 1385 etiam
798 1333 865 1385 ulti·

58 1417 132 1453 mum
146 1418 261 1469 operum
271 1402 432 1454 mortalium
442 1404 506 1457 fuit.
526 1405 602 1456 Situs
613 1411 664 1467 est,
675 1414 863 1472 quemcunque

58 1488 120 1525 eum
134 1472 192 1522 dici
203 1472 247 1522 ius
258 1472 355 1539 sosque
365 1479 415 1537 cst,
425 1490 508 1543 super
517 1475 674 1527 Numicium
686 1472 796 1527 llumcn.
821 1475 862 1526 lo·

57 1557 117 1595 vem
129 1542 282 1608 indigetem
294 1543 444 1610 appellent.

110 1612 159 1663 lll.
177 1610 309 1663 Nondum
331 1620 455 1665 neuturus
471 1615 589 1681 imperio
604 1614 737 1667 Ascanius
753 1615 862 1665 Aeneae

58 1680 132 1732 tilius
149 1688 224 1732 erat:
242 1687 338 1733 tomen
352 1683 381 1734 id
391 1685 537 1751 imperium
554 1685 579 1736 ei
596 1686 631 1735 ml
643 1684 773 1750 puberem
787 1690 862 1734 aeta-

58 1756 113 1803 tem
135 1750 276 1802 incolume
301 1755 410 1804 mensit.
453 1755 604 1821 'l'antisper
623 1754 714 1804 tutelo
732 1751 860 1802 muliebri

58 1824 152 1883 (tantu
161 1820 270 1871 indoles
281 1821 310 1870 iu
321 1821 439 1872 lucinia
455 1831 526 1881 erut)
538 1838 582 1871 res
593 1823 697 1870 trotino
709 1826 737 1871 ct
747 1835 861 1887 regnum

56 1890 162 1941 mitum
178 1894 377 1955 paternumque
391 1904 477 1954 puero
493 1890 583 1939 stetit.
619 1889 703 1938 iloud
723 1888 789 1936 nihil
806 1903 862 1937 om·

56 1959 165 2028 bigam,
185 1958 258 2025 {quis
273 1959 344 2010 enim
361 1974 419 2010 rem
433 1963 490 2007 tom
500 1963 622 2008 veterem
638 1971 688 2022 pro
704 1956 862 2008 certoollir·

56 2028 141 2091 meti)
161 2026 268 2079 hiccine
282 2026 523 2090 sueritAscouius,
543 2042 578 2079 on
592 2029 694 2091 maior,
714 2043 794 2097 quem
808 2025 861 2090 hic,

56 2101 163 2150 Creuso
173 2097 323 2149 motrellio
334 2099 468 2150 incolumi
480 2105 569 2160 natus,
582 2108 727 2166 comesque
739 2093 803 2151 inde
815 2113 862 2164 pn·

54 2174 153 2221 ternae
164 2167 263 2235 fugae,
286 2183 367 2233 quem
378 2168 466 2220 lulum
482 2168 597 2221 curulem
608 2169 679 2223 lulio
690 2185 757 2238 gens
769 2175 862 2220 aucto·

54 2252 114 2291 rem
125 2238 245 2288 nominis
260 2238 304 2287 oui
316 2243 463 2305 nuncupet.
499 2239 525 2289 is
540 2242 687 2304 Ascanius,
707 2241 862 2304 ubicunque

55 2312 84 2360 et
94 2322 259 2374 qrrncunque
268 2314 359 2359 rnatre
368 2309 487 2375 genitus,
499 2313 583 2383 (cert-e¹
593 2318 686 2362 notum
696 2314 790 2363 Acuca
800 2322 862 2356 cou-

54 2382 125 2439 stnt)
139 2377 300 2428 obtrectante
311 2377 421 2428 Irarinii
431 2380 620 2443 multitudine,
643 2381 786 2431 iloreutem
797 2376 862 2433 iem,

54 2452 85 2497 ut
96 2454 157 2497 tum
170 2461 215 2497 res
226 2452 314 2507 erunt,
332 2453 414 2512 utque
425 2449 584 2513 opulentum
596 2453 692 2500 urbem
704 2445 796 2502 cultri,
815 2458 863 2493 seu

54 2531 206 2577 nouercae,
229 2517 357 2582 reliquit:
378 2533 477 2568 noram
497 2519 558 2585 ipse
580 2520 662 2569 oliam
685 2516 734 2565 sub
755 2512 863 2563 Albano

55 2592 153 2638 monte
164 2585 303 2650 corrdillit3
324 2582 403 2653 quae,
419 2589 453 2638 nb
465 2588 519 2638 situ
532 2594 677 2655 porrectae
686 2586 717 2635 in
727 2583 813 2634 (leuno
822 2597 869 2632 ur-

53 2653 110 2721 bis,
121 2656 223 2722 Longo
232 2657 300 2707 ,llio
311 2657 461 2722 oppelloto.
480 2657 558 2713 luter
568 2659 728 2713 Lauinium
740 2660 773 2710 et
783 2655 889 2708 illisum
