1860 2978
10 192 20 203 .
40 128 44 135 ·
136 116 220 168 LlB.
240 114 262 166 l.
282 112 474 166 caritate.
495 112 538 181 [V.
549 110 580 162 C.
591 111 674 167 85.A.
686 112 717 162 C.
729 113 799 180 aaa]
834 112 864 166 ³1

10 228 23 261 t
66 217 120 282 ian,
138 216 243 284 prirua,
260 224 412 281 postrema,
428 232 461 267 ex
471 215 526 267 illis
538 213 868 266 tubulisceruvereeitotn

10 296 21 329 Β
32 301 34 309 ·
66 295 120 340 unt
131 286 193 339 sine
205 285 266 336 dolo
276 287 360 347 stralo,
383 285 474 352 utique
489 302 521 337 ee
533 283 577 335 ln'e
587 282 664 335 hodie
674 283 820 336 rectissime
830 283 868 335 in·

10 366 18 399 f
65 359 258 416 tollenonum,
279 353 334 406 illis
342 354 445 423 legibus
452 356 570 422 populus
580 353 718 406 Romanus
725 353 805 422 prior
815 369 867 405 non

65 425 175 496 deficiet.
214 424 246 475 Si
253 423 333 490 prior
344 425 449 495 defexit
456 425 564 492 publico
575 424 693 486 consilio,
710 425 768 477 dolo
779 424 850 475 ntalo
856 439 868 482 ;

9 516 15 527 ·
65 504 92 548 tu
100 494 148 548 illo
159 493 214 558 die,
228 493 351 561 Iupiter,
366 497 496 561 populum
506 494 658 546 Romanum
669 494 708 546 sie
718 493 817 560 ferito,
836 500 869 544 ut

65 581 109 634 ego
122 564 196 617 hatte
206 579 322 631 porcum
335 562 380 614 leia
401 564 478 617 hodie
490 564 612 637 feriam:
632 572 761 629 tantoque
781 562 869 630 magis

60 634 160 709 ferito,
180 643 283 701 quanto
303 632 391 702 magis
406 644 484 703 potes
501 637 644 702 pellesque.
680 633 710 682 ld
725 632 774 681 ubi
789 632 869 694 dixit,

63 718 179 770 porcum
189 717 259 754 saxo
276 702 353 754 silico
363 704 508 768 percussit.
545 702 602 754 Sua
613 703 679 752 item
690 702 814 753 earmina
823 703 866 752 Al·

63 773 127 826 bani
152 786 293 838 suumque
317 772 509 824 iusiurandum
534 786 683 838 persuum
704 772 867 824 dictatorern

62 856 185 909 suosque
194 842 354 893 sacerdotes
373 848 547 909 peregerunt.

113 909 206 963 XXV.
224 910 350 963 Foedere
361 912 427 973 icto,
441 911 591 978 trigemini,
610 912 683 963 sicut
692 919 868 973 conuenerat,

63 997 144 1036 uma
158 982 282 1047 capiunt.
318 980 410 1041 Quum
430 980 475 1031 sui
494 984 629 1047 utrosque
647 980 866 1044 adhortarentur,

61 1053 123 1105 deos
133 1049 249 1119 patrios,
256 1049 379 1120 patriam
392 1066 425 1103 ae
431 1058 571 1118 papentee,
582 1051 709 1118 quiequid
718 1051 815 1102 civium
826 1053 870 1103 do·

62 1121 108 1185 mi,
129 1119 259 1187 quiequid
268 1119 298 1172 in
307 1119 429 1173 exercitu
439 1119 488 1182 sit,
506 1118 615 1171 illorum
627 1128 691 1172 tunc
701 1136 793 1181 eruto,
813 1120 870 1172 illo·

61 1207 123 1243 rsus
141 1189 247 1242 intueri
264 1204 374 1243 monus:
400 1190 509 1242 feroces
529 1194 558 1241 et
578 1195 679 1256 suopte
698 1188 824 1256 ingenio,
843 1201 870 1242 et

61 1259 141 1328 pleni
154 1257 364 1311 adhortantium
376 1261 507 1321 vocibus,
528 1258 557 1310 in
576 1258 698 1311 medium
711 1259 785 1310 inter
800 1259 869 1312 duris

60 1330 141 1382 acies
149 1324 314 1397 proaedint.
351 1330 540 1382 consederant
552 1330 693 1398 utrimque
708 1344 759 1397 prn
770 1330 869 1382 castris

62 1399 120 1452 duo
131 1399 282 1462 exereitus,
290 1399 407 1466 periculi
416 1400 505 1467 magis
515 1401 766 1468 praesentis‚quam
776 1416 870 1463 curae,

60 1474 204 1537 expertes:
225 1469 325 1536 quippo
335 1471 481 1537 imperium
491 1472 640 1538 agebatur,
659 1471 688 1522 in
698 1477 756 1522 tam
766 1486 869 1538 pauco-

60 1555 124 1591 rurn
133 1538 242 1591 virtute
253 1545 337 1607 atque
348 1539 462 1592 fortuna
472 1541 603 1607 positum.
624 1542 721 1608 ltaque
732 1555 799 1607 ergo
811 1556 869 1593 ore·

60 1608 101 1661 oti
111 1608 297 1675 suspensique
310 1609 340 1660 in
355 1610 467 1673 minime
483 1617 594 1678 gratum
610 1611 800 1677 spectaculum
811 1609 870 1662 oni·

60 1693 108 1730 mo
121 1677 313 1731 intenduntur.
349 1679 573 1748 Datursignumz
592 1681 757 1748 infestisque
774 1680 868 1742 armis,

60 1747 140 1801 velut
150 1747 232 1809 acies,
243 1748 314 1799 terni
323 1749 613 1819 iuvenes,magnorum
625 1752 796 1804 exercituum
810 1750 869 1801 ani·

59 1830 123 1868 mos
134 1822 273 1884 gerentes,
295 1826 475 1871 concurrunt:
497 1820 613 1883 necho,
631 1820 869 1887 necillisperieu·

60 1886 121 1938 lum
131 1900 226 1951 suum3
246 1888 387 1954 publicum
403 1889 551 1956 imperium
562 1889 760 1954 seruitiumque
772 1890 870 1940 obver-

59 1961 144 2008 satur
163 1955 270 2018 auimo,
291 1956 441 2025 firturaquo
458 1974 492 2010 ea
506 1957 607 2009 deinde
622 1957 731 2023 patriae
746 1956 868 2019 fortuna,

60 2040 146 2093 quam
160 2024 217 2091 ipsi
230 2023 372 2079 iecissent.
409 2028 446 2083 Ut
462 2027 552 2094 primo
568 2027 662 2077 statim
679 2041 814 2079 concursu
827 2026 868 2076 in·

60 2110 197 2163 crepuere
207 2109 299 2159 mma,
320 2097 510 2165 micantesque
524 2095 628 2149 fulsere
645 2096 747 2163 gladii,
769 2094 869 2149 horror

58 2165 160 2233 ingens
180 2170 340 2231 spectantes
359 2168 537 2235 perstringit:
558 2174 600 2229 et,
621 2173 718 2219 neutro
734 2166 869 2220 inclinata

59 2250 118 2301 spe,
129 2234 264 2301 torpebat
273 2250 328 2286 vox
338 2237 517 2304 spiritusque.
551 2238 691 2289 Consentis
701 2237 802 2290 deinde
812 2252 870 2288 ma·
919 2256 923 2263 ·

59 2305 159 2367 nibus,
178 2318 264 2371 quum
276 2304 331 2355 iam
343 2322 398 2373 non
408 2313 501 2357 motus
511 2312 617 2357 tanturn
629 2306 790 2374 corporum,
811 2305 870 2371 agi·

58 2375 189 2441 latioque
204 2388 306 2440 anceps
321 2374 441 2427 telorum
457 2392 665 2443 armorumque,
687 2377 736 2428 sed
751 2376 869 2425 vulnera

59 2458 173 2511 quoque
193 2448 223 2495 et
238 2444 352 2511 sanguis
366 2446 527 2512 spectaculo
543 2451 648 2509 essent3
669 2445 724 2495 duo
740 2442 868 2505 Romani,

60 2527 146 2579 super
156 2512 244 2563 aliurn
256 2512 342 2576 alius,
362 2515 517 2567 vulneratis
532 2516 622 2566 tribus
632 2513 759 2574 Albanis,
779 2512 868 2579 exspi-

61 2588 156 2635 rantes
168 2588 344 2636 eorruerunt.
379 2584 422 2636 Ad
433 2600 551 2653 qnorum
561 2599 655 2636 casum
666 2597 749 2648 quum
761 2583 869 2634 oonein·

62 2656 166 2705 mmet
175 2652 283 2722 gaudio
292 2653 413 2706 Albanus
425 2655 574 2724 exereitus,
592 2638 887 2725 Romanasioqxones
