1860 2978
55 112 259 171 L.1V.c.34.3b.
308 104 794 178 .c.330.l.0.422.11.0.331‚Auum‚1
806 112 857 164 207

58 232 107 283 spe
119 216 223 266 iniecta
233 209 347 261 maioris
361 209 391 258 iu
406 208 474 258 urbe
490 208 622 274 praedae,
642 208 675 257 ad
687 217 797 273 portam
810 212 859 261 du·

59 288 112 348 cit3
133 287 316 347 receptusque
326 279 403 328 intra
418 292 525 339 muros,
544 277 573 325 in
585 291 691 338 arcem,
713 294 767 343 quo
780 296 859 333 ruere

61 347 229 411 fugientium
239 351 349 399 turbam
360 346 479 406 ridebat,
492 347 593 412 pergit.
631 346 689 396 Neo
701 348 788 397 minor
800 365 859 401 cac·

62 416 112 468 des
121 417 151 465 in
161 422 240 476 urbe,
262 434 343 486 quam
354 418 382 466 iu
394 416 515 481 proelio,
534 415 603 478 fuit3
624 415 719 477 donoc,
740 415 857 469 abiectis

61 485 155 547 armis,
165 482 236 534 nihil
244 495 354 549 praeter
366 487 453 537 vitam
462 491 598 550 petentes,
615 485 745 535 dictatori
757 487 859 539 dodun-

61 560 118 605 tur.
154 554 226 605 Urbs
240 558 383 619 castraque
400 555 576 620 diripiuntur.
612 553 730 606 Postero
747 554 792 607 dic
806 558 860 607 sin·

61 622 137 693 gulis
150 621 268 689 captivis
277 622 312 672 ab
325 625 418 689 equite
429 624 465 674 ad
477 623 668 675 centurionem
678 624 861 689 sortcductis,

59 696 98 755 et,
120 706 238 759 quorum
250 691 353 743 eximia
362 692 450 744 virtus
461 692 563 756 fuerat,
582 693 665 754 binis,
680 693 744 745 aliis
754 696 806 746 sub
816 712 861 747 co·

60 776 132 821 rena
150 759 323 825 venundatis,
334 763 488 813 exercitum
498 764 633 814 victorem
646 764 862 832 opulentumque

60 830 167 898 praeda
177 829 350 896 triumphans
363 831 487 883 dictator
497 831 617 883 Romam
629 831 752 883 reduxit:
774 835 861 885 iusso

80 915 116 951 ue
127 901 263 968 magistro
279 901 405 967 equitum
415 901 545 954 abdicare
561 918 591 953 se
601 901 782 969 magistratu,
804 904 863 971 ipse

58 916 161 1024 deinde
181 969 294 1022 abdicat
315 971 361 1022 die
376 976 457 1022 sexto
480 970 602 1032 decimo,
620 970 733 1021 reddito
751 973 779 1022 in
794 988 863 1039 paco

57 1038 192 1107 imperio,
217 1039 293 1106 quod
311 1040 342 1091 iu
362 1040 438 1091 bello
458 1040 629 1106 trepidisque
650 1040 734 1091 rebus
753 1055 864 1107 accepe·

59 1114 114 1161 ret.
152 1109 244 1161 classi
273 1123 366 1177 uoque
381 1109 417 1160 ad
432 1109 553 1161 Fidenas
567 1113 721 1176 pugnatum
737 1123 799 1158 cum
809 1108 864 1161 Ve-

58 1177 197 1240 ientibus,
216 1177 264 1244 qui
284 1193 328 1230 am
347 1179 460 1231 annales
478 1177 612 1230 retulere:
633 1192 692 1229 rem
708 1191 797 1244 aeque
813 1177 863 1228 dis·

59 1247 165 1299 flcilem
184 1252 267 1314 atque
282 1247 489 1311 incredibilem,
509 1263 560 1299 nec
577 1247 727 1299 nunciato
744 1248 813 1299 satis
829 1247 865 1299 ad

58 1316 115 1369 hoc
135 1330 229 1381 amne;
255 1322 284 1369 et
305 1324 367 1369 tum
389 1317 547 1385 aliquanto,
566 1323 599 1368 ut
621 1333 638 1368 a
657 1317 800 1370 veteribus
821 1332 865 1369 ac·

58 1385 194 1452 cepimus,
209 1387 328 1440 artiore:
349 1387 405 1439 nisi
414 1388 443 1439 iu
454 1389 575 1440 traiectu
585 1385 661 1440 forte
671 1385 794 1440 ssundnis
804 1402 865 1456 pro·

57 1454 190 1518 bibendo,
211 1455 367 1523 aliquarum
376 1458 489 1509 nemum
501 1472 664 1510 concursum
675 1458 704 1509 in
713 1458 812 1522 maius,
833 1463 866 1508 ut

59 1525 103 1587 ot,
121 1524 302 1592 celebrantes,
316 1527 423 1581 navalis
432 1528 568 1583 victoriae
578 1542 680 1580 vanum
691 1529 807 1581 titulum
818 1542 865 1594 ap·

78 1592 193 1648 etivere.

57 1609 77 1663 P
111 1661 229 1714 XXXV.
246 1663 394 1728 insequens
405 1676 493 1713 annus
507 1667 637 1716 tribunos
653 1665 791 1718 militares
802 1680 865 1716 con-

58 1731 149 1786 sulari
162 1735 306 1798 potestate
325 1729 422 1782 habuit
441 1733 473 1783 A.
489 1730 683 1800 Sempronium
697 1737 865 1797 Atratinum,

58 1802 93 1855 L.
104 1801 267 1866 Quinctium
277 1800 468 1853 Cincinnatum
474 1835 483 1863 ,
502 1800 535 1850 L.
547 1800 662 1852 Furium
671 1802 865 1866 Medullinum,

59 1872 92 1924 L.
111 1871 264 1923 Horatium
282 1869 446 1920 Barbatum.
485 1866 650 1920 Veientibus
671 1885 806 1923 annorum
825 1871 865 1921 vi-

60 1941 132 2009 giuti
142 1941 269 1994 indutiae
275 1938 366 1999 datae,
378 1937 512 2003 etdequis
519 1937 643 2000 triennii,
653 1952 736 2004 quum
744 1938 865 2006 plurium

61 2025 196 2063 annorum
205 2009 351 2077 petissent.
366 2006 405 2056 Et
415 2007 449 2056 ab
461 2005 643 2058 seditionibus
655 2007 769 2059 urbanis
776 2007 864 2061 otium

60 2079 124 2132 fuit.
159 2081 268 2132 Annum
277 2077 477 2143 insequentem,
497 2076 670 2143 nequebello
681 2075 760 2141 foris,
776 2094 865 2146 neque

60 2150 138 2202 domi
147 2149 284 2201 seditione
295 2146 442 2213 insignem,
453 2145 513 2197 ludi
522 2146 597 2198 bello
608 2147 668 2198 voti
680 2147 825 2212 celebrem,
836 2154 866 2201 et

61 2219 238 2272 tribunorum
253 2217 376 2269 militum
392 2221 541 2284 apparatu,
562 2224 591 2269 et
600 2216 785 2270 finitimorum
802 2234 864 2270 con·

61 2304 153 2349 eursu,
164 2286 265 2339 fecere.
293 2285 412 2337 Tribuni
423 2287 563 2338 consulari
572 2293 714 2354 potestate
725 2294 804 2341 erant
812 2290 865 2353 Ap.

61 2354 195 2410 Claudius
211 2358 339 2419 Crassus,
361 2354 409 2422 Sp.
424 2354 544 2409 Nuntius
558 2357 682 2421 Rutilus,
699 2357 734 2409 L.
750 2357 864 2425 Sergius

62 2427 199 2486 Fidenas,
219 2423 282 2477 Sex.
298 2425 385 2477 lulius
399 2424 485 2480 Iulus.
521 2426 715 2495 Spectaculum
731 2426 863 2478 comitate

61 2499 146 2550 ctiam
158 2493 299 2561 hospitum
304 2531 313 2557 ,
333 2494 369 2547 ad
379 2496 409 2547 id
420 2497 494 2563 quod
510 2497 623 2564 publico
639 2510 775 2547 consensu
785 2510 865 2547 rene·

63 2571 135 2628 rant,
148 2563 262 2616 advenis
272 2566 380 2630 gratius
394 2564 459 2619 fuit.
494 2567 563 2619 Post
572 2565 654 2617 ludos
665 2565 812 2617 conciones
824 2579 863 2617 se-

63 2636 184 2695 ditiosae
211 2635 383 2687 tribunorum
404 2636 481 2705 plebi
505 2635 635 2702 fuerunt,
659 2633 883 2700 obturgsstxsm

882 2734 918 2845 l
