1860 2978
114 110 187 162 hse.
204 108 242 160 11.
261 107 388 161 cirta.
400 107 443 161 54.
463 109 506 176 [U.
519 111 548 160 C.
560 109 778 178 281.A.C.471.]
814 108 865 165 135

60 213 179 268 buniciis
190 211 311 264 stimulis
321 211 401 279 plebs
415 212 535 265 furebat.
573 214 715 277 Consules,
730 213 799 266 nihil
808 215 866 268 Mc·

60 282 135 335 nenii
155 282 349 345 damnatione,
367 281 436 335 nihil
456 283 580 353 periculo
601 283 729 335 deterriti
749 283 868 348 Seruilii,

61 367 169 405 summa
185 351 213 402 ri
232 353 375 404 resistunt.
410 353 548 404 Abeuntes
568 354 735 419 magistratu
752 356 799 405 Cn.
816 354 868 405 Ge-

61 422 159 472 nucius
170 421 297 472 tribunus
308 422 396 488 plebis
409 423 536 487 arripuit.
573 421 606 473 L.
620 425 753 475 Aemilius
764 430 792 474 ct
804 424 867 489 Opi-

61 497 106 543 ter
117 489 261 558 Virginius
277 491 452 543 consulatum
466 492 571 547 ineunt.
607 491 756 559 Vopiscum
766 493 867 543 lulium

61 575 113 628 pro
124 557 254 627 Virginio
269 561 298 611 in
307 561 472 628 quibusdam
484 560 630 613 annalibus
641 562 783 614 consulem
793 563 868 614 inve·

61 629 119 681 nio.
154 630 219 685 Hoc
229 645 301 683 anno
316 635 503 698 (quoscunque
513 632 642 683 consules
658 630 766 694 habuit)
781 632 822 684 rei
832 630 868 682 ad

62 697 196 766 populum
202 699 304 751 Furius
315 707 343 753 et
349 701 472 755 Manlius
483 701 654 752 circumeunt
663 701 802 751 sordidati
812 715 869 751 non

63 767 174 836 plebem
186 769 284 832 magis,
299 785 381 832 quem
392 770 515 819 iuniores
526 767 648 819 Patrem.
667 766 800 830 Suadent,
811 784 869 819 mr)-

62 842 143 899 nent,
164 834 319 888 Honoribus
330 844 357 889 et
366 835 602 891 administratione
613 836 776 904 reipublicae
787 837 870 890 absti-

62 912 163 967 neant;
183 907 410 958 consularesoero
424 906 528 978 faeere,
543 915 729 976 praetextam,
740 909 875 960 curulem-

63 991 115 1043 que
124 976 227 1039 sellam,
236 974 306 1028 nibil
316 975 400 1038 alind,
413 990 493 1041 quom
500 992 627 1044 pompam
632 975 755 1047 funeris,
763 985 871 1044 putent.

65 1043 156 1099 Cissis
170 1044 323 1113 insignibus
337 1046 411 1097 velut
424 1043 523 1116 infulis
537 1048 639 1099 relatos
656 1046 693 1098 nd
704 1055 817 1098 mortem
827 1046 870 1097 sle-

63 1113 173 1168 stinari.
212 1113 292 1178 Quod
306 1114 332 1167 si
346 1115 502 1168 consulatus
521 1122 601 1169 tanta
620 1115 729 1167 dulcedo
747 1114 797 1177 sit,
815 1112 872 1166 iem

62 1200 136 1239 nunc
150 1182 194 1238 ito
208 1183 239 1237 in
248 1183 368 1237 animum
382 1183 527 1248 inducent,
548 1186 717 1241 consulatum
726 1191 836 1250 captum
846 1189 874 1234 et

10 1292 12 1297 >
63 1266 222 1322 oppressum
231 1253 266 1307 ab
276 1252 424 1309 tribunicia
431 1261 571 1323 potestate
581 1270 636 1305 esse
641 1270 653 1315 ,⁰
672 1253 783 1316 consuli,
799 1253 872 1304 uelut

58 1323 220 1405 apparitori
236 1323 396 1386 tribunicio,
417 1322 507 1375 omnia
517 1323 556 1375 od
569 1332 667 1378 nutum
679 1323 872 1391 imperiumque

63 1393 170 1447 trsbuni
180 1394 286 1460 agenda
296 1408 360 1449 esso·
397 1390 430 1445 Si
443 1407 470 1447 ss
481 1392 664 1457 somniaverit,
682 1391 707 1445 si
720 1391 872 1461 respexerit

62 1462 177 1527 Patres,
191 1458 217 1515 si
225 1460 310 1524 aliud,
324 1476 405 1528 quam
417 1461 528 1531 plebeos,
537 1479 592 1519 esse
602 1463 631 1517 s'n
640 1462 777 1531 republica
786 1460 871 1513 eredi-

63 1531 147 1597 derit,
167 1529 292 1585 exsilium
312 1530 342 1583 0.
352 1530 465 1594 Marcii,
485 1531 607 1587 Messenii
626 1531 827 1585 damnationem
844 1537 873 1582 et

64 1608 187 1665 rnortem,
198 1599 394 1669 sibipropermt
404 1608 470 1655 unte
480 1602 579 1654 oculos.
615 1600 668 1653 His
679 1601 789 1653 accensi
798 1598 872 1650 voci·

64 1672 118 1722 hus
128 1668 228 1723 Patres
239 1670 360 1723 consilia
369 1669 443 1732 inde,
455 1684 510 1723 non
519 1669 640 1736 publicu,
650 1669 740 1723 sedin
751 1670 871 1735 privato,

64 1739 235 1807 seductaque
244 1754 263 1790 a
272 1739 392 1809 plurium
404 1739 582 1802 conscientia,
594 1737 705 1791 habere.
723 1740 777 1791 Ubi
788 1752 871 1805 quum

64 1807 95 1861 id
109 1808 194 1861 modo
211 1813 363 1872 constaret,
382 1809 444 1877 iure
463 1823 500 1863 an
520 1809 623 1861 iniuria
637 1807 795 1874 eripiendos
811 1821 871 1859 esse

64 1892 143 1941 reos,
163 1878 339 1931 atrocissime
353 1892 477 1945 quaeque
487 1879 609 1929 maxime
623 1876 754 1943 placebat
764 1881 872 1927 senten·

63 1947 181 2000 tiaenec
190 1953 289 2001 auctor
299 1946 425 2015 quamvis
435 1945 536 1997 audaci
546 1945 667 1997 facinori
677 1943 782 1996 decrat.
818 1943 871 2010 lgi-

64 2022 113 2067 tur
121 2015 218 2069 iudicii
227 2017 281 2081 die,
293 2032 376 2084 quum
385 2015 466 2081 plebs
475 2014 506 2065 in
514 2013 576 2066 foro
587 2018 681 2066 erecta
690 2013 874 2080 exspectatio·

65 2101 101 2138 ne
109 2090 209 2151 staret
224 2086 322 2139 mirari
331 2086 432 2155 primo,
445 2082 520 2151 quod
529 2099 585 2137 non
595 2082 777 2137 descenderet
788 2082 874 2135 tribu·

64 2170 131 2207 nus:
148 2155 257 2219 deinde,
266 2170 353 2223 quum
361 2155 418 2207 iam
428 2169 508 2206 mora
517 2155 674 2222 suspeetior
684 2154 773 2216 fieret,
784 2151 874 2204 deter·

64 2225 153 2277 ritum
163 2240 181 2277 u
190 2224 359 2293 primoribus
368 2223 489 2286 credere,
500 2231 529 2277 et
540 2225 679 2279 desertam
690 2239 724 2277 ac
732 2221 874 2291 proditam

66 2309 182 2348 causam
192 2294 333 2364 publicam
344 2295 433 2362 queri.
469 2294 604 2360 Tandem,
621 2295 670 2364 qui
678 2292 819 2348 obversati
829 2305 875 2343 ve·

65 2363 170 2418 stibulo
180 2365 284 2418 tribuni
294 2364 415 2429 fuerant,
430 2364 567 2429 nuntiant,
578 2366 653 2419 domi
662 2371 802 2419 mortuum
813 2375 874 2412 esse

64 2433 220 2487 inventum.
255 2434 338 2497 Quod
352 2435 402 2487 ubi
421 2436 452 2489 in
469 2440 560 2489 totam
578 2436 738 2489 concionem
759 2429 876 2498 pertulit

64 2517 176 2571 rumor3
194 2503 267 2556 sicut
279 2505 354 2557 ecies
369 2505 576 2559 meditatuum
591 2507 696 2563 occiso,
718 2503 762 2550 ita
773 2495 875 2564 dilapsi

65 2575 172 2647 passim
182 2573 310 2629 aliialio.
345 2570 515 2639 Praecipuus
528 2585 616 2639 paror
626 2571 752 2623 tribunos
768 2567 875 2621 invase·

66 2653 122 2714 rat,
133 2661 218 2720 qoam
227 2643 300 2699 silut
310 2643 411 2699 anxilii
422 2647 550 2712 suusne
559 2642 636 2714 leges
647 2638 885 2702 inhermem-
