1860 2978
31 130 72 167 [Β.
83 112 135 166 lv.
151 115 224 167 Gar.
235 112 277 166 32.
288 112 330 167 33.
349 114 393 182 [U.
405 116 435 167 C.
446 118 504 185 529.
512 114 540 165 A.
553 115 582 165 C.
593 115 663 180 423]
710 114 763 167 265

30 216 163 282 iltumque
173 214 203 264 id
214 215 311 282 iugum
322 231 434 281 capere,
454 215 529 282 quod
540 217 574 266 ab
585 222 666 281 tergo
677 215 764 266 hostie

30 284 113 336 foret.
140 284 202 349 Ipse
213 290 325 349 postero
338 285 390 346 die,
404 301 488 352 quum
499 287 612 337 Etrusci
622 287 698 351 pleni
709 287 766 336 ani·

30 371 75 404 um
85 355 119 405 ab
130 354 241 419 pristini
252 354 307 404 dici
317 355 432 406 meliore
445 356 603 418 occasione,
624 370 705 421 quam
716 370 765 420 pu·

30 423 82 480 ‚in
101 427 190 475 aciem
210 424 425 488 processissent,
445 432 590 476 cunctatus
610 439 765 490 parumper,

30 535 33 541 .
47 493 239 558 speculatores
256 492 404 555 referrent,
427 495 589 555 Quinctium
605 496 725 545 evasisse
736 494 766 542 in

30 577 63 611 un
79 561 264 628 propinquum
279 563 339 614 arci
348 563 528 626 Fidenarum,
548 565 629 631 signa
642 562 764 629 profert:

31 637 145 697 tumque
154 631 242 682 aciem
252 632 418 683 instructam
429 632 511 700 pleno
522 631 609 699 gradu
619 634 648 683 in
657 633 766 685 hostem

30 701 86 752 cit:
107 700 244 765 magistro
254 703 381 768 equiturn
391 701 539 768 praecipit,
558 719 591 752 ne
602 703 709 754 iniussu
719 716 766 768 pu-

30 770 189 835 nincipiat:
209 783 253 831 se,
274 786 358 837 quum
369 785 438 836 opus
450 771 501 833 sit,
521 772 644 837 equestri
658 772 762 823 auxilio

30 854 77 890 uin
89 838 233 890 daturums
249 844 308 888 turn
319 844 351 889 ut
361 853 467 890 mernor
477 841 572 906 regiae
583 855 700 908 pugnae,
711 855 765 891 rne-

44 909 131 975 opimi
142 908 222 969 doni,
243 907 412 974 Romulique
427 924 460 961 ac
470 909 544 962 lovis
553 909 689 973 Feretrii,
707 923 767 962 reni

30 985 86 1031 ret.
121 978 261 1044 Legiones
272 979 378 1044 impetu
392 978 502 1045 ingenti
517 977 678 1047 confligunt.
713 978 768 1029 Ro·

30 1064 64 1100 us
74 1048 141 1099 odio
147 1062 287 1110 accensus,
297 1048 413 1113 impium
418 1048 591 1111 Fidenatem,
600 1047 767 1115 praedonem

30 1123 122 1181 entem,
132 1124 263 1185 ruptores
275 1117 455 1181 indutiarum,
467 1125 598 1170 cruentos
609 1119 767 1184 legatorum

30 1187 81 1241 ada
94 1187 195 1251 caede,
214 1201 356 1254 respersos
372 1188 507 1253 sanguine
527 1188 692 1239 colonorum
706 1198 770 1237 suo·

34 1296 42 1322 ‚
63 1257 184 1324 perfidos
200 1258 307 1321 socios,
326 1256 453 1307 imbelles
473 1256 569 1311 hostes
588 1256 768 1323 compellans,

30 1329 51 1378 is
62 1327 147 1379 siniul
156 1328 294 1393 dictisque
306 1325 401 1376 odium
411 1323 515 1391 explet.

30 1396 147 1449 ixxlss.
175 1399 361 1449 concusserat
384 1396 475 1464 primo
497 1396 595 1448 statim
616 1410 769 1464 congressa

32 1482 89 1520 ama
102 1481 185 1534 quum
197 1472 319 1533 repente,
330 1464 482 1534 patefactis
491 1465 662 1520 Fidenarum
672 1466 769 1533 portis,

30 1537 271 1604 serumpitacies‚
290 1537 419 1590 inaudita
433 1543 498 1589 ante
511 1536 542 1588 id
552 1544 663 1604 tempus
673 1536 770 1587 inrisi-

30 1621 91 1675 que.
123 1605 237 1674 lgnibus
247 1614 355 1659 armata
365 1609 463 1675 ingens
473 1608 636 1671 multitudo,
645 1606 769 1659 facibus·

32 1675 194 1729 ardentibus
204 1682 267 1728 tota
278 1678 431 1742 collucens,
448 1677 526 1729 velut
535 1677 658 1729 fanatico
670 1674 770 1727 instin-

30 1760 116 1808 rursu,
126 1747 155 1797 in
166 1745 276 1800 hostem
286 1748 357 1798 ruit:
371 1743 770 1815 formaqueinsolitaepugnae

30 1830 108 1869 sanos
119 1831 269 1884 parumper
280 1818 427 1870 exterruit.
456 1819 530 1868 Tum
540 1816 671 1876 dictator,
681 1814 769 1878 magi-

38 1885 164 1952 cquitum
177 1888 388 1965 equitibusque,
408 1892 470 1935 tum
484 1899 520 1936 ex
534 1882 675 1934 montibus
685 1883 770 1943 Quin·

37 1956 139 2019 accito,
159 1954 298 2021 proelium
311 1968 394 2014 c1ens,
408 1954 467 2020 ipse
478 1954 508 2003 in
518 1952 665 2004 sinistrum
675 1966 770 2014 cornu,

30 2025 51 2088 i,
71 2023 202 2077 incendio
214 2023 334 2074 similius
345 2036 427 2089 quam
439 2022 557 2090 proelio,
572 2022 702 2074 territum
713 2037 770 2073 ces·

30 2101 43 2146 t
53 2090 181 2157 flaminis,
192 2094 326 2145 accurrit:
338 2094 468 2160 claraque
479 2107 557 2155 voce,
567 2091 689 2145 Fumone
694 2090 771 2160 victi,

30 2164 65 2226 it,
83 2166 156 2216 velut
166 2180 278 2218 examen
289 2180 369 2232 apum
381 2166 437 2217 loco
448 2171 538 2216 vestm
549 2161 654 2227 exacti,
672 2160 772 2217 mermi

30 2234 65 2285 tis
74 2232 165 2285 tosti?
175 2234 322 2307 Nonferro
333 2232 514 2304 exstinguetis
525 2232 620 2305 ignes?
631 2249 683 2287 non
688 2233 768 2304 faces

30 2303 99 2368 basaa
110 2320 201 2370 prose
217 2303 341 2372 quisque,
361 2304 386 2356 si
396 2303 470 2374 igni,
490 2304 626 2366 nantolis,
644 2316 770 2369 pugnan-

36 2378 85 2433 est,
95 2383 201 2441 ereptas
212 2376 283 2427 ultro
293 2374 439 2446 inferetis?
449 2374 541 2444 Agite,
551 2369 771 2426 nonriaislfomo·

30 2438 162 2493 scir-tutis
171 2453 284 2510 patrum
293 2453 449 2515 vestraeque
459 2458 603 2503 memores,
621 2436 720 2491 vertite
729 2437 769 2489 in·

30 2511 93 2563 lium
103 2508 152 2562 lior
162 2511 190 2564 in
200 2512 316 2566 leontiam
324 2514 434 2575 arbem
454 2522 482 2565 et
491 2512 547 2564 suis
553 2507 675 2581 flammis
686 2507 771 2560 delete

30 2597 102 2644 raas,
123 2584 296 2647 crassensis
307 2584 441 2655 beneflciis
448 2584 625 2650 plurarenoo
632 2575 774 2647 potuistis.

30 2659 139 2704 storiam
152 2650 202 2705 lior
210 2669 255 2706 vot
269 2664 423 2709 vestrorum
435 2653 653 2717 colonorumque
664 2652 803 2707 sanguise
