1860 2978
64 120 99 169 70
211 119 243 169 Τ.
263 112 371 168 ΙιΝΙΙ
391 115 435 183 [U.
447 114 477 166 C.
489 133 547 167 220.
565 117 598 167 A.
610 114 640 166 C.
652 116 685 169 53

65 236 134 283 rein,
145 235 233 279 orare,
247 220 363 270 miscere
373 217 500 284 precibus
511 216 608 278 ruinas,
619 232 687 268 verat

66 296 161 356 partes
171 288 336 339 muliebrem
347 287 477 338 animum.
499 287 553 337 Ubi
566 287 687 339 obstinat

67 366 95 411 et
107 375 141 410 ue
152 358 251 409 mortis
262 357 373 423 quidem
384 363 461 409 metu
471 356 609 417 inclinari,
625 356 687 407 addi

69 427 201 481 dedecus:
224 442 286 481 cum
296 432 408 479 mortua
417 428 575 495 iugulatum
586 441 685 477 scrvun

67 498 194 558 siturum,
213 497 264 560 ait,
283 502 315 549 ut
325 496 356 549 iu
366 498 479 551 sordido
492 496 629 549 adulterio
640 512 687 548 uec

67 566 129 628 Quo
139 570 247 619 terrore
258 581 342 634 quum
347 567 459 619 vicisset
466 567 633 620 obstinatam
641 580 687 631 pu(

67 642 98 687 ut
108 635 209 687 victrix
219 636 320 699 libido,
341 637 538 703 profectusque
551 636 617 689 iude
628 636 686 686 Tar

65 718 117 757 rox
128 712 286 774 expugnato
293 706 535 768 decoremuliebri‚
546 711 634 769 esret;
645 704 687 757 Lu

66 782 111 827 ata
119 783 200 830 tauto
212 777 297 839 malo,
316 776 441 827 nuntium
451 776 568 828 Romam
579 774 688 828 eunden

64 843 238 913 Ardeamque
248 845 285 898 ad
295 846 385 897 virum
393 846 492 910 mittit,
503 853 534 898 ut
546 862 606 897 cum
617 846 688 912 cingi

66 915 165 969 amicir
174 917 298 967 veniant:
307 916 350 967 ita
359 914 437 968 fecto
449 922 644 981 maturatoque
650 929 685 981 op

66 990 189 1035 atrocem
208 984 349 1038 incidisse.
387 986 433 1053 Sp.
454 986 602 1037 Lucretius
624 999 685 1035 cum

68 1050 167 1107 Volesi
182 1054 255 1117 filio,
276 1055 432 1106 Collatinus
453 1070 515 1105 cum
530 1055 563 1106 L.
579 1054 658 1104 lunio
676 1052 688 1104 Ι

67 1138 130 1175 cum
141 1139 196 1191 quo
208 1124 283 1177 forte
292 1124 411 1177 Romam
427 1124 538 1177 rediens
548 1122 582 1174 ab
594 1122 688 1175 nuntio

67 1200 228 1249 conventus.
265 1194 427 1247 Lucretiam
446 1194 589 1247 sedentem
603 1198 688 1243 maen

67 1263 130 1318 culo
142 1264 295 1316 inveniunt.
329 1264 457 1315 Adventu
471 1273 584 1312 cuorum
596 1257 688 1307 lact-in

66 1333 341 1397 quaerentiquevirm
348 1329 436 1390 Satia’
447 1328 556 1379 calvae?
566 1325 688 1400 Minime!

66 1399 137 1451 caim
147 1397 216 1449 calvi
227 1406 267 1450 ert
276 1397 394 1461 araturi,
404 1397 504 1449 arricta
512 1395 668 1464 pudicitia?
684 1408 688 1445 t

67 1466 158 1530 aient,
180 1463 330 1529 Collatiae,
349 1467 379 1521 irc
389 1469 458 1519 lecto
473 1475 537 1521 curat
548 1474 602 1519 too.
640 1462 688 1519 Cet

67 1545 108 1588 ert
118 1543 224 1591 tantum
233 1535 378 1601 violatum,
398 1536 618 1590 anirnorinsonr:
639 1551 688 1589 rum

68 1606 122 1659 Sed
131 1606 193 1659 dote
204 1606 314 1659 dextrae
324 1606 472 1676 fidemque,
494 1606 568 1658 duod
576 1605 684 1672 ineptiae

66 1691 105 1727 re.
142 1674 203 1730 Sex·
215 1684 254 1729 ert
268 1674 445 1744 Tarquiniae,
457 1676 503 1743 qui
512 1675 654 1738 dortirpro
665 1674 688 1725 lu

67 1752 143 1801 nocte
153 1744 182 1799 ri
191 1755 316 1799 arcuatur
326 1745 393 1799 midi
403 1745 514 1810 sitique,
526 1743 550 1797 ri
561 1758 605 1793 roc
616 1742 688 1793 riri«

67 1829 127 1869 ram
147 1813 210 1871 diac
233 1815 347 1869 adstulit
367 1813 510 1882 gaudium.
555 1811 630 1862 Dant
656 1826 688 1862 or

67 1882 163 1934 tidem:
180 1884 360 1934 consolantur
370 1898 481 1951 aegram
493 1881 586 1942 animi,
605 1888 688 1933 averti

66 1954 100 2005 ab
113 1960 212 2005 coacta
222 1954 250 2004 in
261 1960 403 2007 auctorem
415 1953 523 2005 delicti:
539 1957 687 2018 mentemp

66 2038 177 2089 corpus:
200 2029 237 2086 et,
257 2024 330 2075 unde
347 2024 491 2077 consilium
509 2021 619 2083 afuerit,
642 2023 687 2074 cul

70 2090 130 2156 Vct,
144 2094 243 2159 inquit,
259 2093 391 2157 videritis,
407 2094 472 2158 quid
480 2092 522 2143 itu·
533 2091 677 2144 debeatur:

63 2171 176 2227 peccato
187 2162 302 2225 adcolae,
313 2162 443 2229 ruppticio
453 2179 506 2213 non
516 2161 608 2212 libero.
641 2159 689 2212 Nn

63 2228 198 2294 impudica
213 2231 359 2283 Lucretiae
375 2232 492 2296 exentpto
513 2229 593 2282 rivet.
630 2229 689 2281 cult

64 2298 114 2349 sub
125 2304 202 2351 veste
213 2299 338 2349 abditum
350 2300 476 2360 habebat,
488 2315 548 2350 cum
560 2299 689 2353 incorde·

62 2369 197 2436 lapsaque
208 2367 236 2416 iu
247 2367 652 2431 vuinus,n10ribundacecidit.

63 2440 106 2491 vir
116 2444 257 2505 paterque.

115 2508 187 2561 th.
207 2508 323 2570 Brutus,
344 2507 402 2559 illis
412 2507 489 2559 luctu
505 2511 660 2576 occupatis,
680 2524 689 2561 t

65 2580 178 2631 vulnere
187 2579 338 2631 Lucretiae
351 2585 515 2643 extractum,
528 2586 684 2631 nmnautcm

56 2663 88 2698 rc
98 2657 201 2714 tenena
218 2649 370 2719 l’erlranc,
387 2649 490 2724 iuquit,
502 2650 689 2709 castissimum
