1860 2978
161 162 172 210 l
443 160 478 211 Τ.
505 159 635 214 LlVll

152 265 307 326 ‚hritudinm
328 265 422 315 caudis
435 266 472 321 a'n
490 266 649 331 speluncam
663 266 759 317 traxit.
794 266 886 321 Herod

145 335 175 386 id
190 335 309 399 primam
324 348 454 385 auroram
468 350 565 385 sonmo
581 336 702 398 excitus,
723 350 807 402 quum
827 351 886 406 gre!

139 403 336 471 perlustrasset
351 404 453 466 oeulis,
476 410 504 455 et
518 412 627 471 partem
643 406 739 457 abesse
755 420 886 457 numeror

139 473 230 533 sisset,
240 473 334 539 pergit
345 472 380 524 ad
390 474 547 540 proximam
556 475 726 542 speluncam,
735 475 762 525 si
772 474 845 528 forte
858 490 886 527 eo

139 540 225 607 stigio
243 540 359 595 ferrent.
395 543 475 604 Quae
494 544 542 595 ubi
556 544 651 595 omnia
664 544 742 596 foras
762 544 886 618 remed

138 626 190 662 nec
203 612 232 661 in
242 617 351 678 partem
367 610 452 663 alium
466 613 554 677 ferre,
575 612 708 665 confusus
722 618 807 681 atque
818 614 886 667 inea]

141 681 235 742 animi,
247 696 282 733 ex
292 682 355 733 loeo
366 681 469 734 infesto
480 699 564 750 agere
569 697 653 750 porro
661 688 818 736 armentum
823 697 886 735 oeee

137 750 204 802 lnde
216 766 300 818 quum
313 758 395 805 uotae
405 754 490 805 boves
508 753 642 819 quaedam
658 752 693 804 ad
710 751 886 818 desiderium

138 821 179 884 fit,
189 821 352 874 relicturum
364 822 525 889 mugissent,
534 823 646 876 reddita
655 822 828 873 inclusarum
836 829 886 874 ext

139 889 222 943 lunen
237 893 322 943 boum
333 900 392 946 'vox
405 893 556 945 Herculem
571 892 717 945 convertit.
753 893 843 955 Quem
859 906 886 968 qp

142 961 285 1013 vadentem
301 963 337 1013 ad
353 963 512 1030 speluncam
524 965 611 1015 cacus
626 962 655 1013 vi
668 958 817 1029 prohibere
827 975 886 1013 eom

139 1039 227 1096 esset3
242 1032 315 1083 ictus
327 1033 414 1095 olava,
425 1032 506 1085 lldem
517 1040 661 1100 pastorum
671 1031 886 1099 nequicquamir

139 1116 215 1165 eane,
224 1108 315 1155 morte
325 1103 462 1155 occubuit.
498 1102 629 1154 Euander
638 1108 699 1152 tum
710 1117 753 1163 ea,
764 1100 886 1168 profugo

139 1171 339 1240 Peloponneso,
361 1174 531 1227 auctoritate
542 1172 640 1239 magis,
662 1170 886 1238 quamimperial

139 1244 224 1310 gebat
233 1242 308 1295 loen:
327 1244 494 1297 venerabilis
507 1244 551 1295 vir
568 1242 704 1293 miraculo
719 1240 883 1303 literarum,

138 1326 227 1362 novoe
239 1311 313 1361 inter
321 1314 405 1361 mdes
416 1314 517 1359 artium
527 1312 665 1373 homines;
680 1307 886 1362 venerabiliori

138 1380 227 1430 nitate
243 1378 349 1430 eredita
360 1380 523 1429 Carmentae
537 1377 649 1438 matris,
669 1392 752 1445 quam
765 1376 886 1445 fatiloqu

139 1453 204 1499 unte
215 1446 342 1513 Sibyllae
353 1448 383 1497 in
394 1445 504 1497 ltaliam
515 1446 671 1509 adrentum,
686 1446 806 1498 miratae
815 1444 884 1509 boe!

139 1523 183 1569 tes
197 1514 318 1569 fuerant.
353 1517 379 1568 le
396 1522 455 1569 tum
474 1516 617 1578 Euander,
637 1530 774 1567 eoneursu
788 1522 877 1583 pastor

138 1586 340 1654 trepidantium
355 1587 430 1638 cirea
449 1586 583 1639 advenam
601 1584 767 1639 manifestae
786 1600 868 1639 reum

140 1657 193 1720 dis,
213 1657 333 1720 excitus,
353 1663 501 1725 postquam
512 1656 621 1709 lacinus
632 1655 820 1722 facinorisque
831 1670 862 1709 ee

139 1726 255 1790 audivit,
266 1724 390 1779 habitum
399 1727 571 1794 formamque
582 1727 634 1777 viri
646 1727 818 1794 aliquantum
826 1740 858 1779 a!

138 1812 198 1847 rem
209 1797 451 1864 augustioremque
463 1794 583 1847 humana
592 1796 711 1859 intuens,
721 1796 851 1863 rogitato

139 1867 230 1919 essetl
240 1867 291 1918 Ubi
303 1883 404 1921 nomen
413 1866 845 1934 patremqueaepatriamaeeepi

138 1944 211 2001 nate,
220 1936 361 2002 Hercules,
382 1941 461 2001 salve,
473 1938 576 2004 inquit3
592 1936 695 1989 tenelli
708 1945 804 2000 nsoter,
819 1952 836 1988 v

137 2007 271 2074 interpres
282 2010 374 2073 deum,
394 2019 540 2062 auctorum
556 2007 709 2060 coelestium
723 2022 831 2060 nurnero

137 2077 197 2137 nin·
208 2076 310 2143 tibique
321 2095 398 2130 arum
407 2079 451 2129 bie
463 2079 583 2130 dicatum
592 2077 638 2141 iri,
648 2093 729 2144 quam
740 2078 825 2143 epuler

138 2145 201 2197 olim
210 2145 240 2198 in
250 2146 332 2198 terrie
340 2164 407 2217 gem
420 2147 569 2199 Maximam
580 2157 664 2211 vocet,
683 2156 782 2214 tuoque
791 2143 819 2197 ri

136 2213 246 2266 Dextra
255 2215 392 2268 Hercules
403 2217 481 2280 data,
503 2218 625 2285 accipere
635 2234 662 2270 se
673 2234 748 2270 omen
757 2216 812 2282 imp

137 2299 187 2352 que
193 2284 271 2356 sule,
282 2301 332 2336 ara
343 2288 452 2339 condita
466 2297 546 2354 atque
558 2288 665 2351 dicata,
682 2288 731 2338 ait.
767 2285 807 2336 lbi

137 2368 213 2404 mum
229 2354 299 2405 bove
315 2356 417 2408 eximia
432 2366 512 2424 capta
527 2358 561 2410 de
580 2372 665 2425 grege
688 2369 797 2408 sacrum

140 2421 270 2475 adhibitis
285 2424 320 2474 ad
335 2427 516 2479 ministerium
528 2428 681 2495 dapemque
691 2424 793 2477 Potitii·

138 2494 204 2555 riis,
228 2509 298 2560 quae
309 2500 367 2546 tum
383 2497 507 2551 familiae
521 2499 642 2549 maxime
653 2497 773 2547 inclutae

139 2562 278 2627 colebant,
289 2564 402 2618 laetam.
423 2568 508 2619 Forte
518 2568 558 2619 ito
570 2569 670 2631 evenit,
680 2572 712 2617 ut
721 2564 782 2616 Potr'

137 2645 190 2697 pus
201 2640 313 2699 praesto
325 2644 425 2699 essent,
444 2638 534 2704 iisqne
547 2644 612 2688 exta
623 2651 774 2704 apponeret

137 2701 190 2769 rii,
211 2704 400 2773 anthedonis,
420 2706 456 2761 nd
466 2713 588 2761 ceteram
595 2709 720 2763 venirent
732 2706 766 2759 da
