1860 2978
26 76 134 133 {militi
145 80 280 134 adderent
290 83 433 149 impetum.
462 80 599 133 Redditur
613 95 786 149 responsum,

26 159 158 203 saturam
168 167 225 203 rem
236 152 294 219 agi,
305 153 420 205 nondum
430 160 534 219 tempus
541 166 652 220 pugnae
663 166 732 202 esse.-
741 166 787 202 ca·

26 219 84 271 ine
95 228 226 273 tenerent.
251 205 376 272 Edieunt
386 221 461 283 inde,
472 228 504 273 ut
514 220 669 272 adsumunt
676 235 787 289 pugna.-

26 288 76 356 μὰ
87 287 192 341 iniussu
199 291 381 359 pugnaverit,
400 291 469 342 utin
480 289 580 341 laertem
592 289 787 342 animaduersu-

28 395 36 409 .
71 358 116 409 lta
127 358 257 422 dimissis,
278 376 330 426 quo
341 361 431 411 minus
443 359 569 411 consules
580 359 652 410 velle
663 359 787 419 credunt,

26 427 85 478 rseit
95 428 181 478 ardor
192 430 340 496 pugnandi.
368 430 510 482 Accedunt
524 429 634 494 insuper
644 425 739 480 hostes
749 427 788 479 ie·

26 497 77 549 dira
87 497 190 560 multo,
208 505 240 549 ut
255 501 386 551 statuisse
405 514 460 551 non
471 513 594 565 pugnare
605 497 731 549 consules
743 512 788 548 co·

26 568 92 617 itum
101 572 152 619 est.
169 567 279 634 Quippe
289 569 400 636 impune
408 584 439 621 se
450 569 702 629 insultamroanon
714 566 790 618 credi

26 636 69 689 liti
78 650 168 689 arma:
188 651 245 688 rem
267 638 303 690 ad
319 639 445 690 ultimum
460 637 606 690 seditionis
622 642 791 702 erupturam,

26 720 124 772 emque
132 706 242 759 venisse
251 707 375 759 Romano
385 708 514 774 imperio.
550 707 603 756 His
615 705 684 758 freti
695 719 788 757 occur·

26 780 50 826 st
59 776 163 841 portis,
182 776 313 844 ingerunt
322 779 436 844 probra,
457 791 540 842 aegre
551 775 704 838 abstinent,
725 774 791 840 quin

26 849 259 913 rtraoppugne'nt.
286 847 435 898 Enimvero
444 861 500 895 non
508 846 584 895 ultra
594 843 790 894 contumeliam

26 914 48 964 ti
59 914 198 966 Romanus
208 929 304 981 posse:
322 913 392 965 totis
404 914 502 963 castris
512 912 634 978 undique
646 911 682 962 ad
694 926 791 962 consu·

37 984 168 1036 curritur.
204 984 267 1036 Non
282 984 340 1035 iam
354 982 470 1044 sensim,
490 987 522 1033 ut
531 988 597 1034 ante
603 1015 612 1042 ,
630 994 683 1046 per
698 984 791 1031 centu·

28 1068 95 1104 nmn
110 1053 248 1120 principes
259 1052 417 1120 postulant;
437 1051 486 1103 sed
502 1050 608 1118 passim
624 1064 718 1101 omnes
734 1050 790 1101 cla·

26 1122 112 1175 ribus
123 1129 217 1191 agunt.
252 1124 366 1175 Matura
375 1138 420 1174 res
431 1127 506 1186 erat3
520 1120 739 1187 tergiversantur
747 1124 789 1171 ta-

26 1208 57 1243 u.
93 1191 198 1244 Fabius
212 1193 324 1257 deinde,
346 1192 381 1244 ad
402 1196 570 1245 crescentem
589 1189 711 1241 tumultu
731 1190 789 1241 iam

26 1269 90 1313 etum
100 1262 247 1314 seditionis
257 1259 789 1330 eollegaconcedente,quamsilontium

26 1332 102 1383 asico
113 1332 240 1396 fecisset,
256 1333 318 1402 Ego
327 1334 408 1397 istos,
420 1331 467 1386 Cn.
479 1331 582 1392 Manli,
594 1330 789 1399 possevinum

26 1417 56 1462 s,·
74 1403 140 1455 velle
155 1402 312 1468 nescirem,
332 1403 386 1472 ipsi
397 1403 537 1476 fecurunt.
570 1402 669 1470 ltaque
684 1409 789 1454 eertum

26 1485 65 1523 tue
77 1471 214 1541 decretum
224 1481 273 1536 est,
290 1474 344 1526 ison
354 1475 419 1525 dare
429 1473 546 1544 signum,
560 1471 623 1536 niti,
636 1470 751 1522 uictores
761 1484 789 1521 se

26 1539 163 1595 litarosm
172 1540 448 1612 hermeniarum.
487 1540 626 1595 Consulem
636 1538 790 1591 Romanum

26 1612 60 1661 iss
80 1612 159 1663 semel
176 1611 207 1663 in
226 1612 284 1663 acie
300 1612 426 1684 s‘fimti
456 1613 515 1664 deos
538 1625 677 1676 nunquam
692 1611 788 1679 fuller.

26 1680 118 1730 sturio
130 1685 191 1731 erat
200 1679 240 1731 M.
250 1680 425 1743 Flauoleius,
442 1682 517 1732 inter
532 1681 668 1746 primores
678 1692 789 1743 pugnae

26 1749 137 1816 ritator.
179 1747 280 1814 Victor,
289 1750 388 1816 inquit,
399 1748 439 1800 M.
450 1748 529 1810 Fabi,
543 1754 666 1799 reuertar
678 1762 711 1797 ex
721 1744 789 1796 asie.

26 1818 116 1880 fallat,
127 1819 221 1870 loram
231 1824 348 1886 patrem,
355 1815 695 1883 GradivumqueMartem,
706 1812 789 1864 alios·

26 1887 136 1939 eiratos
146 1888 258 1939 invocat
267 1888 343 1941 deos.
379 1887 456 1939 ldem
466 1884 597 1951 deinceps
611 1885 700 1935 omnis
711 1898 788 1936 exer·

26 1957 137 2009 asinae
147 1957 261 2024 quisque
271 1957 353 2010 iurat.
389 1956 491 2008 luratis
506 1954 724 2021 datursignum3
746 1969 788 2006 ar·

26 2026 168 2093 ,capiuntz
187 2033 254 2079 eunt
267 2027 297 2077 in
311 2040 446 2094 pugnam,
464 2026 568 2077 irarum
579 2026 692 2093 speique
703 2025 787 2093 pleni.

28 2094 788 2163 nciubentEtruscosprobraiacere,nuncarmatissibi

26 2180 101 2234 sque
118 2164 216 2232 lingua
229 2171 386 2234 promptum
400 2164 509 2219 hostem
521 2165 623 2218 offerri.
659 2165 788 2217 omnium

26 2235 106 2297 ldie,
127 2236 293 2302 quaplebis,
313 2234 497 2303 quaPatrum,
512 2235 715 2289 eximiavirtus
725 2232 787 2282 fuit.

26 2307 103 2359 bium
112 2320 223 2369 nomen,
236 2304 326 2357 Fabia
335 2321 404 2373 gens
414 2306 534 2359 maxime
545 2305 653 2359 enituit.
688 2298 788 2352 Multis

26 2376 114 2429 ilibus
136 2372 334 2427 certaminibus
354 2375 476 2428 infensos
496 2376 586 2442 plebis
613 2372 720 2422 animos
737 2364 789 2418 illa

26 2461 78 2515 gna
98 2444 153 2497 sibi
166 2440 349 2497 reconciliare
363 2450 498 2496 statuunt.
534 2440 683 2494 lnstmitur
698 2437 790 2490 acies:

26 2514 149 2569 :Veiens
159 2512 250 2571 bostis
261 2514 450 2585 Etruscaeque
460 2514 591 2585 legiones
602 2509 781 2563 detrectant.
