1860 2978
90 120 166 172 hro.
181 120 215 173 V.
236 122 307 175 Cir.
319 120 360 175 38.
373 120 416 176 39.
435 124 478 193 [U
490 123 520 175 C.
530 122 589 175 365.
600 122 632 173 Α.
644 123 673 173 C.
684 122 754 188 337]
791 119 843 175 343

43 226 96 291 git,
116 239 217 290 magna
229 230 336 291 strages
347 224 423 276 facta
434 230 490 277 ests
508 227 680 291 multosque,
700 225 844 290 imperitos

41 292 126 343 nandi
139 299 186 343 aut
198 293 349 355 invalidos,
371 310 468 361 graves
485 296 579 345 loricis
591 295 707 360 aliisque
717 295 845 359 tegmini-

41 364 93 412 bus
105 361 222 413 hauscre
233 364 367 430 gurgites,
391 364 514 414 blasima
523 372 615 415 tannen
626 379 689 429 purs
700 364 845 413 incolumis

42 430 130 482 Veios
141 431 279 498 perfugit3
300 433 371 482 unde
383 448 435 483 non
448 435 529 484 modo
550 435 682 499 praesidii
692 434 846 499 quicquam,

43 500 144 552 sedne
161 503 272 551 nuntius
289 503 399 568 quidem
416 502 517 566 cladis,
539 504 656 554 Romam
675 509 717 554 est
738 506 845 553 missus.

41 570 85 623 Ab
94 569 194 621 dextro
207 585 304 633 cornu,
320 572 393 638 quod
404 573 501 640 procul
511 589 529 625 a
537 571 651 624 flumine
662 573 785 639 etmagis
796 573 846 623 sub

42 644 139 692 monte
151 646 277 703 steterat,
288 641 404 692 Romam
416 658 511 694 omnes
522 642 637 710 petiere,
655 651 692 705 et,
700 658 735 695 ne
747 642 848 695 clausis

44 708 161 777 quidem
170 710 259 776 portis
270 712 356 774 urbis,
366 713 395 762 in
407 728 498 765 arcem
509 713 701 780 confugerunt.

98 777 226 830 XXXlX.
246 778 344 833 Gallos
361 797 470 850 quoquc
485 783 563 834 relut
580 780 791 849 obstupefactos
802 781 851 831 mi-

42 847 171 898 raculum
181 849 318 902 victoriae
329 856 386 901 tam
397 853 556 919 repentinae
568 853 667 905 tonuit.
690 852 727 903 Et
738 851 793 916 ipsi
804 865 850 916 pa·

43 930 113 968 rore
124 915 209 969 defixi
220 919 338 985 primum
348 927 493 985 steterunt,
506 922 583 974 velut
592 921 693 989 ignari,
703 920 770 987 quid
781 921 851 971 acci·

43 986 145 1037 disset:
168 986 268 1041 deinde
286 990 405 1043 insidias
418 992 522 1043 vereri:
543 998 684 1059 postremo
706 1005 850 1044 caesorum

43 1055 254 1123 spolialegerc,
275 1074 469 1128 armorumque
481 1063 619 1122 cumulos,
639 1060 786 1111 utmosiis
799 1066 850 1119 est,

44 1140 219 1178 coacervare.
257 1129 329 1180 Tum
345 1130 468 1193 demum,
489 1136 638 1197 postquam
655 1127 724 1179 nihil
735 1142 850 1195 usquam

43 1193 148 1246 hostile
163 1196 343 1261 cernebatur,
362 1201 435 1251 riam
450 1200 581 1268 ingressi,
603 1198 677 1250 haud
687 1197 775 1248 multo
788 1201 852 1249 ante

43 1263 115 1315 solis
137 1279 264 1317 occasum
285 1269 319 1318 ad
340 1271 436 1321 urbem
452 1270 569 1321 Romam
590 1268 762 1335 perveniunt.
798 1266 852 1316 Ubi

45 1347 130 1401 quum
145 1338 305 1405 praegressi
320 1340 441 1405 equites,
461 1353 518 1390 non
536 1344 633 1405 portes
654 1337 776 1398 clausas,
797 1350 851 1385 non

43 1404 195 1455 stationem
207 1419 257 1470 pro
273 1408 362 1473 portis
378 1408 527 1471 excubare,
550 1424 605 1461 non
616 1413 740 1461 armatos
752 1421 813 1458 esse
823 1405 851 1454 in

44 1472 141 1535 muris,
152 1474 326 1528 retulissent:
339 1478 414 1530 aliud
426 1479 517 1545 priori
524 1479 615 1532 simile
626 1476 791 1531 miraculum
804 1489 852 1527 cos

44 1543 192 1608 sustinuit3
211 1551 375 1615 noctemque
395 1549 479 1602 veriti
495 1555 524 1603 et
536 1550 650 1619 ignotae
666 1549 751 1598 situm
767 1545 853 1605 urbis,

44 1612 120 1663 inter
129 1612 246 1665 Romam
258 1622 340 1683 atque
350 1620 483 1673 Anienem
495 1619 654 1681 consedere,
669 1616 853 1687 exploratori-

43 1680 98 1732 bus
119 1682 211 1735 missis
228 1684 301 1737 circa
321 1691 432 1741 moenia
446 1690 571 1756 aliasque
587 1694 698 1757 portas,
717 1701 852 1753 quaenam

45 1750 175 1803 hostibus
185 1753 216 1803 in
224 1756 334 1819 perdita
345 1770 376 1809 re
385 1759 504 1809 consilia
513 1765 614 1811 essent.
633 1757 761 1818 Romani,
770 1770 852 1824 quum

44 1835 112 1889 pars
127 1822 217 1874 maior
231 1839 266 1876 ex
283 1826 343 1876 scic
357 1824 444 1877 Veios
461 1826 595 1891 petisset,
611 1840 692 1876 nemo
709 1840 853 1890 superesse

45 1906 210 1959 quemquam
221 1906 333 1958 praeter
344 1909 402 1957 eos,
422 1894 468 1960 qui
479 1895 596 1944 Romam
606 1892 777 1959 refugerant,
797 1908 854 1942 cre-

47 1960 136 2023 deret,
154 1963 322 2028 complorati
333 1978 437 2025 omnes,
452 1962 558 2027 pariter
569 1962 625 2010 viri
635 1961 802 2026 mortuique,
811 1966 854 2011 to·

47 2039 104 2082 tam
124 2046 211 2097 prope
232 2033 328 2083 urbem
350 2031 479 2083 lamentis
494 2029 690 2096 impleverunt.
725 2028 853 2079 Privatos

47 2100 148 2152 deinde
168 2101 259 2151 luctus
280 2101 429 2166 stupefecit
443 2100 570 2167 publicus
585 2113 686 2166 paror,
706 2105 852 2166 postquam

47 2169 142 2222 hostes
157 2169 256 2221 adesse
272 2172 431 2223 nuntiatum
443 2175 495 2223 est.
529 2170 597 2220 Mox
608 2169 733 2221 ululatus
746 2175 855 2223 cantus-

47 2254 101 2306 que
111 2238 249 2301 dissonos‚
260 2242 425 2307 vagantibus
436 2241 512 2292 circa
521 2239 633 2293 moenia
644 2240 787 2291 turmatim
792 2240 854 2291 bar-

46 2307 139 2369 baris,
159 2308 317 2362 audiebant.
354 2312 441 2363 Omne
457 2310 523 2362 inde
534 2316 643 2379 tempus
654 2324 803 2377 suspensos
813 2310 853 2361 itu

47 2376 140 2428 tenuit
148 2376 255 2431 animos
266 2394 352 2445 usque
364 2380 400 2432 ud
410 2381 501 2433 lucem
512 2381 644 2443 alteram,
659 2387 691 2431 ut
701 2379 851 2431 identidem

46 2445 145 2499 iamin
155 2448 252 2501 urbem
267 2448 377 2503 futurus
392 2450 535 2504 rideretur
550 2453 685 2518 impetus:
706 2450 796 2515 primo
808 2448 853 2498 ad·

47 2522 142 2578 ventu,
154 2529 207 2581 quo
218 2526 393 2579 accesserant
402 2522 438 2573 ad
447 2524 557 2581 urbem;
576 2535 721 2572 rrransuros
733 2519 805 2569 enirn
817 2517 851 2568 ad

48 2588 148 2638 Alliam
159 2584 254 2651 fuisse,
274 2590 328 2641 nisi
340 2590 393 2643 hoc
401 2592 510 2644 consilii
521 2590 609 2641 foret:
632 2588 732 2640 deinde
744 2589 794 2639 sub
808 2603 856 2639 oc-

47 2674 140 2711 casum
154 2657 230 2722 solis,
253 2661 320 2728 quia
329 2658 404 2715 haud
415 2662 531 2717 multum
544 2658 601 2711 dici
612 2664 766 2725 supererat,
787 2664 850 2712 ant<¹
