1860 2978
56 112 130 163 121ss.
141 106 195 160 111.
211 106 285 163 cn».
295 106 393 163 creo
411 109 455 178 [o.
467 106 646 161 ceocnc.
658 109 728 176 mn]
778 109 829 161 207

21 216 74 265 bus
95 209 254 263 credebant.
292 211 421 263 Omnium
440 212 572 278 primum,
593 227 676 278 quum
696 212 785 262 veluti
800 213 830 263 in

24 282 205 335 controvmo
216 281 277 332 iure
288 287 371 344 esset,
390 287 586 334 tenerenturne
595 281 693 332 Patres
703 281 830 347 plebisci-

22 352 69 415 tis,
79 351 173 419 legem
185 351 347 402 centuriatis
358 353 481 403 comitiis
490 351 588 413 tulero,
609 351 653 413 Ut,
665 353 735 416 qnod
745 351 830 403 trilu-

24 423 74 476 tim
79 420 170 489 plebes
182 421 312 483 iussisset,
328 425 458 489 populum
470 430 587 473 teneret.-
609 437 663 488 qua
673 422 735 489 lege
746 421 830 472 tribu·

23 492 108 544 niciis
137 491 330 557 rogationibus
353 493 441 542 telum
466 491 629 542 acerrimum
656 490 752 541 datum
779 497 829 543 cst.

23 562 117 614 Aliam
138 559 239 612 deinde
260 561 433 613 consularem
452 562 543 628 legem
567 560 601 612 de
624 560 830 627 provocatione,

24 631 140 683 unicum
150 629 319 696 praesidium
331 631 479 695 libertatis,
500 630 680 683 decemvirali
689 634 831 697 potestate

12 700 15 705 '
26 714 224 761 eversam,non
234 700 385 751 restituunt
395 702 488 763 modo,
495 700 545 751 scd
555 701 678 752 miamin
688 707 831 766 posterum

24 769 162 830 muniunt,
172 769 319 820 sanciendo
330 785 431 821 noram
441 772 544 839 legem,
564 768 604 823 Ne
613 770 673 839 puis
683 773 768 823 ullum
776 785 831 821 ma·

22 839 177 910 gistratum
201 838 258 891 tine
277 841 470 906 provocatione
490 846 612 892 crearetr
639 839 689 910 put
707 847 832 901 creasset,

25 924 88 961 euro
103 908 147 960 ier
157 907 259 979 furque
275 917 343 960 erret
357 909 457 962 occidi.-
475 927 539 962 nere
554 925 587 962 eo
602 912 695 961 caeder
704 908 832 977 capitolin

24 994 116 1034 noxae
125 976 278 1029 haberetur.
314 978 352 1028 Et
362 994 445 1045 quum
462 979 571 1046 plebem
585 977 651 1029 hinc
659 978 821 1046 provocatio

24 1064 71 1111 nc,
81 1046 147 1099 binc
156 1047 305 1099 tribunicio
316 1048 421 1099 auxilio
432 1049 503 1098 sutis
514 1049 679 1111 firmassent,
688 1047 757 1113 ipsis
768 1060 835 1113 quod

26 1133 82 1186 qne
101 1117 238 1180 tribunis,
258 1122 290 1168 ut
300 1117 471 1169 sacrosancti
484 1116 659 1179 viderentur,
679 1115 775 1177 (cuins
793 1115 832 1165 rei

24 1202 116 1256 propo
130 1185 187 1237 iem
201 1187 338 1238 memoria
354 1187 532 1249 aboleverat)
550 1187 648 1237 relatis
669 1184 834 1251 quibusdum

26 1272 63 1311 ex
82 1270 185 1324 magno
206 1256 355 1308 intervallo
376 1255 568 1318 caerimoniis,
594 1259 776 1316 renovarunt,
805 1259 835 1305 ct

26 1324 421 1395 quumreligioneinviolctos
438 1339 500 1389 eos,
521 1331 580 1376 tum
592 1324 656 1393 lego
666 1324 752 1377 ctiam
762 1323 839 1376 lecc-

10 1426 12 1431 ·
25 1401 104 1459 mut,
119 1395 278 1456 sanciendo,
300 1395 345 1457 Ut,
360 1396 407 1463 qui
417 1395 636 1462 tribunirplebr'r,
647 1393 786 1457 aedilibus,
796 1393 836 1444 iu·

26 1465 143 1529 dicitur,
164 1464 318 1517 decemviris
328 1465 474 1527 recuteret,
495 1465 552 1516 eice
563 1472 646 1531 caput
658 1462 718 1515 Ioci
728 1479 835 1516 carrum

27 1543 113 1589 ruet:
126 1534 242 1606 familia
253 1534 386 1587 aduertere
401 1532 520 1597 Cereris,
539 1533 648 1595 Iriberr',
669 1532 836 1600 la'beraepue

27 1619 126 1661 omn
133 1604 197 1657 iret.
232 1603 294 1654 Hac
304 1603 366 1672 lege
376 1604 446 1655 iuris
457 1604 621 1671 interpretes
632 1609 734 1671 negant
744 1618 824 1671 quem

29 1689 115 1744 quam
130 1679 339 1725 sacrosanctum
355 1689 428 1726 csse:
451 1674 501 1726 sed
518 1689 594 1736 eum,
616 1673 768 1741 qnieornm
781 1673 825 1724 cui

30 1758 115 1813 qnam
126 1744 263 1805 nocuerit,
279 1758 387 1796 sacrum
398 1744 510 1797 sanciri.
537 1743 636 1810 ltaque
647 1740 765 1795 aedilem
776 1757 835 1809 pre·

29 1813 116 1867 bentii
131 1812 247 1880 (lucique
263 1813 441 1865 amarioribus
452 1813 677 1882 magistratibus:
698 1811 771 1879 quod
782 1810 836 1862 etsi

30 1898 88 1937 non
96 1883 158 1953 iure
169 1883 227 1947 fiat,
236 1884 347 1947 (noceri
357 1884 430 1934 enim
439 1884 476 1945 ei,
486 1883 531 1933 cui
540 1880 594 1934 hac
603 1883 666 1950 lege
676 1896 732 1932 non
742 1881 837 1942 liccat)

30 1961 127 2007 temen
136 1960 328 2022 argumentum
341 1967 412 2015 esse,
422 1968 478 2003 non
489 1951 586 2003 baberi
596 1967 647 2019 pro
659 1955 836 2002 sacrosancto

32 2022 167 2078 aedilem:
187 2024 315 2075 tribunos
329 2027 424 2074 vetere
437 2022 617 2075 iureiurando
630 2021 733 2088 plebis,
753 2034 836 2087 quum

31 2093 153 2162 primum
171 2107 234 2145 eam
244 2095 412 2159 potestatem
423 2092 542 2155 crearit,
561 2096 836 2144 scmosanctosesre.

31 2163 132 2225 Fuere,
142 2163 189 2230 qui
198 2163 458 2229 interpretarentur,
474 2161 571 2214 eadem
582 2161 635 2214 hac
643 2161 765 2212 Horatia
775 2161 837 2228 lege

19 2231 196 2287 ‘comulibu
204 2246 314 2299 quoque
325 2238 353 2283 et
364 2231 548 2298 praetoribus,
558 2232 626 2301 qnia
634 2230 734 2282 iisdem
746 2231 837 2295 auspi·

32 2302 93 2364 ciis,
113 2300 212 2366 quibus
222 2302 360 2366 consules,
370 2308 539 2366 crearentur,
549 2307 660 2354 cautum
671 2316 745 2352 csse:
766 2298 837 2348 iudi-

31 2386 93 2425 cem
116 2369 190 2420 enim
209 2373 351 2424 consulem
371 2371 516 2438 appellari.
552 2371 630 2433 Quae
645 2369 784 2421 refellitur
797 2366 838 2416 in-

29 2439 213 2506 terpretatio,
234 2442 307 2507 qnod
322 2440 366 2493 his
380 2441 552 2508 temporibus
563 2440 683 2499 nombrm
697 2433 838 2488 consulem

28 2510 167 2573 iudicem,
181 2508 231 2561 sed
239 2518 406 2576 praetorem,
427 2511 564 2577 appellari
572 2524 633 2561 mos
645 2506 740 2557 fuerit.
776 2502 839 2555 Hue

31 2580 195 2633 consulares
210 2579 385 2648 legesfuere.
420 2581 580 2641 Institutum
595 2578 680 2628 etiam
691 2575 726 2626 ab
737 2572 839 2625 iisdem

30 2650 208 2714 consulibus,
229 2657 261 2704 ut
270 2650 515 2706 senatusconsulta
532 2645 674 2699 inuelem
681 2643 802 2697 Cereris
810 2642 853 2690 ab
