1860 2978
54 39 125 63 m
135 39 215 61 mh
250 39 391 59 WUWUU
405 39 511 77 ΙΙΙδἿΙΙῦΙ
528 39 625 77 PVPUU
639 39 730 75 ΙῦδῦΙΙΙ
748 39 861 76 PUBWIV

57 76 243 144 aspertum,
263 83 301 139 et,
321 78 470 145 atesim,
488 81 589 146 inquit,
609 79 714 142 scietis,
732 78 863 142 Quirites,

57 162 140 216 φιαηι
149 145 216 198 mili
231 146 424 201 diuturnason
435 149 700 216 placeantimpers'a,
721 148 864 200 dictatura

57 234 101 269 me
112 215 215 268 abduc.
251 216 389 282 Deposito
400 233 450 268 suo
461 219 636 286 magistratu,
647 218 730 269 modo
743 219 864 269 eliorum

59 285 865 355 magistratuiimposito,[finealteri,]eumgratulationeac

60 355 159 407 favore
170 356 278 422 ingenti
289 357 501 422 populidomum
509 365 550 409 est
558 358 698 409 reductus.
721 360 864 416 Censores,

60 439 146 492 aegre
161 426 250 491 passi,
270 426 455 488 Mamercum,
477 427 549 492 quod
561 429 753 494 magistratum
768 428 867 492 populi

60 497 182 548 Romani
193 495 348 558 minuisset,
368 497 444 548 tribu
457 501 617 557 moverunt,
640 497 866 561 octuplicatoquc

62 578 147 617 censu
157 565 296 617 aerarium
311 565 445 619 fecerunt,
482 565 572 628 stam
586 580 644 616 rem
659 566 749 632 ipsum
760 565 868 631 ingenti

62 635 155 687 animo
169 634 268 686 tulisse
281 634 388 699 ierunt,
409 651 519 687 causam
532 635 627 702 potius
642 633 811 702 ignominiae
829 632 869 682 in·

61 709 196 765 tuentem,
208 719 289 770 quam
297 705 495 772 ignominium3
506 705 642 773 primores
651 704 774 766 Petrum,
786 717 869 770 quan·

63 787 147 841 quam
167 772 339 827 deminutum
349 790 481 828 censurae
491 777 535 826 ius
545 775 714 836 noluissent,
737 772 865 839 exemplo

63 841 230 895 acerbitatis
241 844 384 895 censoriae
396 844 531 896 offensos:
548 845 648 911 quippe
660 858 744 911 quum
754 859 785 896 se
794 843 869 910 quis-

64 926 116 979 que
137 910 243 963 diutius
262 927 295 963 ac
314 914 428 978 saepius
450 912 604 966 subiectum
626 913 786 966 censoribus
807 912 869 963 iore

63 986 205 1042 cerneret,
225 996 307 1048 quam
322 997 465 1035 censuram
481 989 633 1052 gesturum.
670 983 772 1049 Populi
793 988 869 1034 certe

61 1055 146 1103 tanta
159 1050 317 1118 indignatio
332 1059 430 1104 coorta
443 1053 558 1118 dieitur,
578 1059 609 1104 ut
623 1052 666 1104 iis
680 1069 697 1104 a
707 1051 868 1104 censoribus

61 1119 166 1173 nullius
179 1123 356 1186 auctoritate,
367 1129 562 1191 praeterquam
572 1123 660 1190 ipsius
670 1121 814 1184 Mamerci,
823 1121 869 1172 (le-

61 1189 166 1243 terreri
174 1190 301 1256 quiverit.

116 1258 207 1312 XXV.
225 1261 345 1313 Tribuni
360 1262 464 1328 plebis,
484 1259 604 1311 assiduis
620 1257 796 1309 concionibus
808 1272 870 1322 pro-

62 1327 186 1382 bibendo
198 1331 357 1382 consularia
368 1330 493 1391 comitia,
504 1344 587 1395 quum
597 1342 737 1394 resprope
745 1326 871 1378 adinter-

63 1412 182 1466 regnum
197 1400 333 1467 perducta
345 1407 433 1463 esset,
455 1399 565 1451 evicere
575 1396 704 1458 tandem,
722 1402 755 1446 ut
764 1395 871 1447 tribuni

64 1467 189 1521 militum
210 1470 351 1522 consulari
372 1474 512 1536 potestate
523 1472 707 1520 crearentur:
732 1465 871 1517 victoriae

61 1538 233 1608 praemium,
256 1539 331 1606 quod
345 1541 505 1606 petebatur,
524 1542 556 1589 nt
576 1536 703 1604 plebeius
718 1540 871 1598 cremetur,

62 1607 175 1659 nullum
185 1606 255 1660 fuit·
286 1610 389 1660 Omnes
398 1609 512 1676 patricii
522 1608 611 1660 creati
622 1611 697 1670 sunt,
716 1605 756 1660 M.
767 1606 872 1660 Fabius

62 1675 236 1740 Vibulanus,
253 1677 294 1731 M.
306 1678 427 1742 Foslius,
447 1677 480 1731 L.
493 1679 606 1744 Sergius
616 1677 746 1730 Fidenas.
782 1674 871 1727 Pesti-

60 1745 158 1801 lentis
167 1759 202 1797 co
211 1762 283 1798 nno
295 1748 415 1800 aliarum
424 1763 516 1800 rernm
527 1750 616 1800 otium
627 1746 774 1815 praebuit:
794 1742 872 1794 aedis

62 1812 192 1881 Apollini
202 1829 253 1880 pra
261 1817 423 1870 valetudine
432 1818 529 1885 populi
540 1824 663 1886 votaest.
678 1812 873 1866 Multaslnum-

62 1883 121 1937 viri
132 1898 167 1937 οἳ
177 1882 272 1948 libris,
289 1887 445 1954 placandae
458 1889 539 1941 deum
552 1889 627 1950 irae,
647 1881 872 1999 avertendaspluc

63 1969 83 2007 a
93 1952 200 2021 populo
215 1954 305 2020 pestis
315 1973 411 2021 cansa,
429 1958 534 2011 fecere:
555 1971 657 2023 magna
672 1960 766 2005 tamen
779 1949 822 2003 ela
841 1963 872 2000 es

64 2023 96 2076 5¹¹
110 2024 180 2076 '¹¹¹‘ss
194 2024 336 2092 agmine,
356 2028 512 2096 promiscue
530 2025 672 2078 hominum
686 2034 880 2094 pecorumque.

64 2093 206 2162 Pernicies
227 2102 351 2166 &citata
387 2096 504 2153 Famem
524 2094 685 2150 cultoribus
700 2101 846 2161 agnoscam
854 2088 898 2128 sx-
