1860 2978
26 39 653 105 subcinerosus„[amassenus]
686 39 737 87 14³

26 146 56 204 .t,
76 152 157 207 qsranr
174 139 232 190 vivi
243 139 450 191 accusationem
462 135 602 202 audierat3
620 143 650 190 et
661 152 739 191 exse·

26 209 153 277 frequens
165 208 324 261 celebravit.

26 280 73 331 lll.
85 278 193 331 Eodem
203 292 274 328 anno
285 275 415 328 Valerius
427 276 531 338 consul,
542 290 602 327 cunr
613 275 739 329 exercitu

26 363 85 417 {uos
100 348 255 416 profectus,
277 360 360 414 quum
375 345 483 396 hostem
500 346 534 396 ad
545 346 683 412 proelium
693 345 742 398 eli·

29 433 65 470 on
74 423 179 484 posset,
190 423 282 468 castra
294 427 452 483 oppugnare
464 420 507 466 est
518 415 644 465 adortus.
674 414 742 466 Pro·

41 486 127 539 foeda
136 492 306 553 tempestas,
328 502 388 538 carn
404 484 535 552 grandine
549 500 581 535 ac
592 483 741 535 tonitribus

39 555 158 608 deiecta.
194 554 411 607 Admirationem
431 555 532 607 deinde
547 554 639 616 auxit,
660 554 741 621 signo

26 624 63 677 tui
74 626 150 687 dato,
170 625 241 676 adeo
251 624 403 691 tranquilla
413 625 548 676 serenitas
557 623 682 676 redditas
700 628 742 685 ut,

34 696 147 745 numine
168 694 261 761 aliquo
277 694 391 745 defensa
407 699 500 745 castra
515 707 675 761 oppugnare
690 692 742 743 ite·

26 763 126 830 religio
137 762 230 815 fuerit.
249 764 344 815 Omnis
354 765 398 814 ira
407 762 477 815 belli
488 762 523 815 ad
534 763 743 829 populationem

26 833 102 886 ertit.
137 833 215 885 Alter
226 833 323 885 consul
332 833 467 884 Aemilius
476 832 505 883 in
516 831 627 884 Sabinis
636 830 743 882 bellum

30 920 37 953 ι
56 906 85 954 et
95 901 149 964 ibi,
171 904 238 970 quia
252 901 342 953 hostis
352 902 496 954 moenibus
508 917 538 953 se
549 901 676 961 tenebat,
696 914 743 951 vs·

26 968 764 1107 iiiii·aiiii:iluidliselliiilis.

26 1110 102 1162 ubini
111 1110 208 1172 exciti,
227 1124 312 1177 quum
322 1108 534 1176 praedatoribus
547 1106 742 1169 occmrnsent,

26 1179 57 1230 iti
63 1179 172 1246 proelio
184 1179 312 1245 digressi,
332 1184 446 1246 postero
463 1177 508 1230 die
519 1177 639 1230 retulere
650 1178 744 1230 essm

26 1248 83 1300 isra
92 1248 164 1299 locs.
192 1248 223 1298 ld
234 1248 304 1299 satis
317 1246 424 1299 consuli
433 1248 532 1309 risum,
544 1263 595 1300 cur
605 1262 656 1314 pro
667 1246 742 1300 vieto

26 1322 108 1384 aeret
118 1315 236 1381 hostem,
251 1319 363 1384 integro
376 1316 439 1370 inde
451 1317 587 1369 decedens
596 1316 682 1370 bello.

26 1386 89 1438 llll.
105 1385 182 1438 inter
192 1385 262 1439 haee
272 1387 356 1450 bella,
366 1392 496 1440 manente
506 1386 648 1440 discordia
659 1385 743 1450 domi,

26 1455 131 1508 {misius
151 1455 278 1520 Priscus,
297 1458 329 1509 A.
349 1455 495 1525 Virginius
516 1457 644 1510 consules
663 1456 744 1510 facti.

26 1525 93 1577 ultra
105 1525 253 1578 ridebatur
265 1525 359 1578 lutura
372 1522 468 1593 plebes
484 1525 648 1581 dilationem
664 1540 745 1594 agra·

26 1594 89 1663 egis,
108 1594 491 1662 ultiruaqeevispsrabatur,
514 1604 606 1662 quarm
625 1594 746 1648 Volscos

26 1678 53 1727 e,
71 1664 149 1715 mmo
169 1678 205 1717 ex
223 1664 358 1718 incendiis
375 1665 506 1718 villarum
524 1663 648 1733 fugaque
669 1678 746 1732 egre·

38 1733 181 1801 eognitnnr
196 1740 248 1787 est.
285 1730 329 1787 lla
344 1747 390 1788 res
408 1740 547 1787 araturam
562 1735 621 1786 iam
632 1733 747 1785 seditio-

26 1818 49 1855 ie
59 1816 147 1871 prope
154 1809 345 1871 erumpentem
355 1804 499 1872 repressit.
527 1801 673 1865 Consules,
684 1815 747 1853 eoa·

26 1873 131 1940 templo
141 1874 176 1925 ab
186 1879 286 1926 senatu
299 1872 334 1925 ad
344 1873 458 1933 belluni,
469 1870 571 1923 educta
581 1884 616 1924 ex
626 1870 696 1922 urbs
705 1870 747 1920 iu-

26 1946 69 2005 ts,
93 1943 319 2010 uunquillisrem
339 1947 463 1996 merum
480 1940 590 2008 plebem
611 1938 749 1995 fecerint.

26 2017 97 2064 astes
112 2011 238 2079 quidem,
256 2011 328 2064 nilril
345 2011 423 2065 aliud
437 2024 519 2081 ιιιιιιιι
538 2009 659 2079 perfusis
673 2024 748 2063 vanc

27 2096 43 2134 s
58 2080 207 2146 Romanis,
225 2083 315 2135 citato
325 2081 437 2150 agmine
452 2081 565 2134 abeunt.
601 2080 748 2134 Numicius

26 2160 53 2202 ιιι
68 2151 202 2207 adversus
212 2148 347 2215 Volscos,
366 2150 511 2220 Virginius
526 2157 624 2205 contra
637 2154 748 2221 Aequos

26 2224 94 2274 ntes.
129 2221 173 2273 lbi
187 2234 224 2273 ex
237 2221 348 2274 insidiis
360 2236 446 2291 prope
455 2236 558 2290 magna
568 2228 684 2290 aecem
692 2222 748 2274 cla·

26 2291 748 2362 rtusmilitensium,prolapsamnegligcntiaarusu-

26 2360 129 2413 stituit.
152 2361 257 2414 Melius
267 2362 296 2414 in
306 2361 418 2415 Volscis
429 2363 594 2430 imperatum
607 2365 657 2412 est.
677 2356 748 2410 Fusi

26 2450 28 2473 ι
40 2430 149 2498 proelio
160 2429 270 2495 hostes,
289 2432 410 2500 fugaque
425 2433 454 2484 in
464 2435 560 2486 urbem
571 2430 697 2491 Antium,
714 2431 748 2477 ut

26 2516 60 2554 ¹es
71 2505 167 2564 mont,
187 2501 427 2568 opulentissimam
443 2503 509 2554 acti.
545 2500 635 2561 Quam
650 2496 748 2550 consul

26 2585 101 2641 mare
111 2586 168 2625 non
179 2586 273 2639 ausus,
291 2573 441 2646 cerionem,
458 2569 543 2628 eliud
549 2568 704 2642 oppidum,
710 2580 763 2617 ne·
