1898 3292
100 124 134 175 ta
305 118 499 179 Ert'romm
519 117 636 169 LIBRI
654 118 693 170 ll.

119 230 155 282 it:
175 230 206 282 ab
217 229 265 280 boe
278 226 393 279 Claudia
405 226 492 279 tribus
505 227 611 279 adiecta
621 235 668 276 est.
706 223 843 278 Numerus
853 227 903 279 tri·

96 250 179 352 iteum
189 297 334 365 ampliatus
345 304 398 358 est,
419 304 451 347 at
462 305 548 348 esseut
557 294 657 364 uiginti
666 311 731 347 uuae
767 293 902 348 Aduersus

104 367 281 435 Tarquinium
293 365 453 432 Superbum,
474 381 535 417 eum
545 364 708 416 Latinarum
719 364 841 417 exercitu
853 365 903 417 bel·

100 440 154 490 lum
164 436 339 508 inferentem,
359 434 392 486 Α.
403 433 562 487 Postumius
577 434 698 487 dictator
709 449 839 501 prospere
850 451 901 501 pu·

96 505 196 576 gravit
209 505 283 573 apud
295 506 381 556 laeum
396 503 543 586 Regillum.
579 502 673 565 Plebs,
692 518 775 570 quum
786 513 903 588 propter

98 591 181 629 meaos
198 574 229 627 ob
246 590 289 626 aes
306 574 468 626 alienamur
485 573 599 625 Sarrum
614 582 730 624 montem
745 581 902 637 secessisset,

98 640 208 697 coasilio
224 642 343 696 Meueaii
360 643 500 713 Agrippae
521 659 538 694 a
558 642 687 695 seditione
707 651 837 695 reuocata
854 650 902 695 est.

98 712 172 765 ilem
182 712 318 782 Agrippa,
328 728 409 778 quum
419 713 580 773 decessisset,
589 720 703 781 propter
712 717 903 780 paupertatem

96 782 203 852 publiea
217 782 351 850 impendio
368 785 456 835 elatus
468 782 520 835 est.
560 781 676 835 Tribuni
687 781 773 850 plebis
785 780 902 851 quiaque

98 852 187 904 ereati
198 861 269 904 suut.
308 849 442 921 Oppidum
459 851 612 906 Volscorum
623 849 727 905 Corioli
741 859 852 918 captum
862 860 902 903 est

98 921 201 974 oirtute
211 930 238 972 et
248 936 331 991 opera
344 921 374 973 0.
387 921 503 988 Martii,
523 923 570 990 qai
581 921 611 974 ob
623 920 672 974 boc
685 921 848 975 Coriolanus
859 936 902 974 oo·
939 987 942 990 ⁴

98 999 177 1043 catus
187 999 236 1043 est.
276 990 318 1043 Ti.
328 989 447 1055 Atinias,
462 994 506 1045 oir
516 995 548 1046 ie
551 991 638 1062 plebe,
658 989 903 1060 quamiurisual·

99 1061 215 1113 ruouitus
226 1070 301 1125 esset,
310 1070 342 1114 ut
352 1064 383 1115 te
394 1063 550 1132 quibasdam
558 1061 734 1132 religionibus
743 1061 904 1114 adunatam

94 1131 245 1202 perferret,
268 1140 296 1183 et
305 1133 476 1202 neglexisset,
496 1133 594 1186 amima
602 1131 674 1202 solio,
694 1129 904 1202 debilisfaetus,

94 1211 249 1270 postquam,
260 1200 368 1254 delatas
378 1204 546 1257 adsertorum
556 1200 662 1265 lectica,
676 1201 767 1253 eudem
776 1199 825 1253 illa
835 1199 903 1254 iasii·

99 1280 223 1332 carerat‚
250 1286 301 1321 usu
317 1273 416 1336 pedum
436 1282 571 1340 reeepto‚·
587 1272 692 1323 domam
713 1284 836 1322 resersus
855 1275 903 1323 est.

103 1337 192 1401 Quum
208 1337 237 1389 0.
253 1337 377 1391 Marcius
395 1338 570 1407 Coriolanus,
590 1341 637 1410 qui
657 1340 686 1394 ire
702 1339 828 1392 emittam
843 1343 905 1390 erat

94 1411 199 1476 pulsus,
209 1409 264 1460 elue
276 1406 431 1461 Volscorum
436 1410 544 1482 sactus,
560 1411 706 1464 exercitam
716 1408 834 1460 bostium
844 1405 906 1459 urbi

102 1476 203 1528 Romae
220 1476 394 1540 admovisset,
414 1489 442 1530 et
458 1481 533 1540 missi
548 1482 585 1532 ael
597 1496 657 1533 eum
673 1477 794 1547 primum
809 1475 904 1548 legati,

97 1553 195 1615 postea
206 1547 356 1596 sacerdotes
366 1547 479 1615 frustra
494 1548 744 1619 temerariarum,
764 1565 798 1601 ue
807 1546 906 1599 bellum

96 1613 210 1684 patriae
229 1612 365 1684 inferret,·
391 1611 504 1666 Veturia
526 1628 614 1666 mater
630 1627 657 1669 et
677 1616 819 1669 Volumnia
836 1630 906 1670 uxor
942 1652 948 1675 ,-

101 1685 314 1752 impetrauerant
323 1682 357 1734 ab
369 1698 408 1747 eo,
431 1692 463 1735 ut
473 1685 617 1736 recederet.
652 1685 713 1738 Lea
723 1685 843 1755 agraria
849 1685 905 1755 pri·
942 1682 948 1697 '

100 1769 172 1806 mum
186 1755 244 1804 lata
259 1760 306 1805 est.
344 1752 390 1819 Sp.
411 1751 520 1806 Cassius
535 1754 683 1806 consularis
697 1755 779 1808 reret
793 1754 905 1810 erimine

100 1825 244 1876 matuatus
255 1830 475 1891 estneeatusque.
519 1821 619 1892 Oppia,
638 1796 859 1892 argebatum,
874 1824 904 1878 ab

99 1893 233 1946 incestum
243 1891 305 1944 riva
316 1892 423 1965 defossa
434 1902 484 1947 est.
521 1892 609 1957 Quum
620 1892 703 1946 vieini
712 1893 799 1947 bootes
814 1892 904 1947 Veios·

100 1972 140 2015 tes
150 1962 309 2015 incommodi
320 1964 421 2032 usagio,
441 1978 522 2029 quam
534 1978 649 2031 graves,
671 1966 773 2027 esseut,
789 1963 905 2033 seruilia

99 2031 248 2084 Fabiorum
258 2032 289 2082 id
297 2031 395 2084 bellura
401 2033 549 2102 gerendum
561 2032 715 2100 depoposcit
720 2049 731 2094 ,⁶
741 2033 868 2101 misitque
876 2031 905 2085 irs

100 2102 131 2152 id
140 2109 273 2153 trecentos
289 2116 336 2153 sex
349 2111 482 2165 armatos,
539 2103 550 2155 i
564 2104 601 2154 ad
612 2101 767 2155 Cremeram
776 2103 814 2154 ab
823 2116 905 2155 urum

101 2170 134 2222 ab
146 2169 266 2222 bostibus
275 2169 347 2222 eaesi
357 2180 428 2235 suat,
438 2188 491 2225 urso
502 2172 639 2237 impubere
650 2171 828 2224 domirelioto.
853 2170 904 2253 Ap.

103 2239 233 2291 Claudius
248 2242 356 2305 coarat,
378 2257 460 2310 quum
474 2241 601 2292 abversus
617 2238 724 2293 Volscos
733 2249 905 2294 eoatumaeso

102 2309 240 2363 exercitus
250 2311 319 2362 raale
326 2318 481 2380 pugnatum
492 2319 569 2375 esset,
579 2310 708 2364 decimam
719 2326 849 2380 quemque
858 2310 906 2363 rui-

101 2379 181 2434 litum
189 2381 270 2453 fuste
284 2379 426 2447 percussit.
461 2377 517 2431 tta
527 2389 674 2448 praeterea
688 2383 830 2435 obversum
846 2379 904 2434 Vol·

101 2467 169 2514 sear,
181 2460 208 2504 et
218 2451 333 2518 Aequos,
351 2459 379 2501 es
390 2446 520 2515 Veientes,
531 2450 709 2507 etseditioues
719 2452 793 2509 iuter
803 2452 904 2508 Patres

99 2521 252 2590 plebemque
264 2517 393 2577 eontiaet.

425 2628 588 2664 nod-..qr-
