1860 2978
241 39 259 52 fl
282 39 326 54 Ul·
344 39 388 69 LV!
401 39 429 53 V!
440 39 499 56 vva·
510 39 542 53 §M
556 39 583 54 V!
599 39 664 71 ⁶5³⁸]
699 39 748 54 *vv

30 99 89 170 poia
103 100 242 170 designati
256 101 383 156 consules
397 102 428 154 in
442 117 504 154 eum
516 118 616 154 annum
631 101 749 166 fuerant,

30 186 112 223 onore
123 170 211 223 honos
221 172 360 223 redditus:
373 177 402 224 et
411 171 503 224 Sestio
513 172 595 224 alteri
607 172 749 223 consulum

30 258 46 292 s
58 243 137 304 anni,
158 241 230 308 quod
242 256 302 292 cam
313 257 373 293 rem
385 242 494 308 collega
503 241 591 293 invito
604 241 639 293 ad
650 241 749 292 Patres

30 317 87 361 nat.
115 312 169 360 His
180 311 300 376 proximi
312 310 400 363 habiti
416 312 505 378 legati
515 318 588 373 tres,
609 311 748 376 quirithe·

30 385 118 431 erant:
141 381 223 430 simul
238 387 269 430 ut
289 396 339 446 pro
360 382 499 450 legatione
519 388 576 431 tarn
597 381 749 447 longinqua

30 451 67 500 rio
80 455 154 501 esset
170 450 271 501 honos:
294 452 377 501 simui
397 452 503 517 peritos
519 451 611 517 legum
627 451 749 517 peregri-

30 535 42 569 n
55 519 91 570 ad
110 519 255 571 condenda
266 536 338 572 nova
354 521 416 573 iura
431 521 495 571 usui
514 520 575 571 iore
591 520 747 573 credebant.

30 604 115 641 ,erere
129 590 216 642 ceteri
230 606 381 643 numerum.
419 590 525 642 Graves
536 605 645 658 quoque
656 595 749 642 aetate

30 673 52 710 rs
62 659 221 710 novissimis
232 660 371 728 suffragiis
384 659 489 723 ferunt,
509 662 664 727 quominus
677 661 749 711 fero-

34 728 152 779 aliorum
168 729 247 780 scitis
259 729 481 783 adversarentur.
517 730 650 796 Regimen
661 730 748 780 totius

30 803 126 849 rtratus
140 814 224 865 penes
235 800 352 864 Appium
363 806 424 851 erat
435 800 530 851 favore
545 799 645 866 plebis:
668 798 749 851 adeo-

30 881 110 918 orum
127 869 182 919 sibi
197 869 339 936 ingenium
356 868 497 931 induerat,
516 875 547 920 ut
558 869 698 934 plebicola
707 882 749 918 re-

49 937 191 1004 omnisque
212 953 297 989 aurae
313 938 457 1004 popularis
469 943 599 1003 captator
609 936 749 997 evaderet,

30 1007 85 1058 ruci
100 1022 239 1075 saevoque
258 1008 426 1060 insectatore
442 1008 542 1074 plebis.
577 1005 694 1057 Decimo
706 1004 751 1055 die

30 1076 102 1143 »pulo
114 1076 217 1142 singuli
231 1077 393 1129 reddebant.
428 1077 471 1128 Eo
483 1076 529 1128 dic
543 1090 628 1143 penes
642 1073 751 1142 praefe-

41 1146 110 1197 iuris
132 1146 222 1199 fasces
243 1146 389 1198 duodecim
404 1152 498 1198 erant:
521 1145 637 1213 collegis
652 1159 751 1197 norom

30 1215 170 1267 iiaccensi
182 1218 365 1284 apparebant:
383 1217 451 1268 etin
463 1216 544 1267 unica
554 1214 750 1266 concordiain-

30 1300 76 1336 sos
86 1285 145 1352 (qui
155 1302 304 1339 consensus
314 1286 430 1353 privatis
440 1285 578 1339 interdum
588 1285 699 1336 inutilis
711 1299 751 1336 es-

30 1370 121 1407 umma
132 1355 264 1407 adversus
276 1356 348 1407 alios
359 1355 484 1422 aequitas
494 1360 563 1407 erat.
581 1353 753 1407 Moderatio-

30 1439 99 1474 rrum
114 1428 307 1489 argumentum
327 1425 455 1490 exemplo
476 1424 557 1475 unius
572 1423 614 1475 rci
629 1430 752 1486 notasse,

36 1494 99 1544 erit.
137 1492 228 1554 Quum
247 1494 306 1545 sine
325 1494 524 1559 provocatione
545 1493 632 1546 creati
652 1499 752 1554 essent,

31 1560 222 1624 secederem,
242 1562 318 1614 domi
331 1563 404 1630 apud
418 1563 448 1615 P.
461 1562 594 1625 Sestium,
615 1563 753 1630 patriciae

30 1633 155 1694 srirurn,
174 1632 301 1695 invento,
321 1632 486 1700 prolatoque
496 1634 525 1683 in
537 1633 705 1695 concionem,
723 1631 752 1682 in

30 1701 230 1754 itamanifesta
247 1708 330 1769 atque
350 1704 454 1764 atroci,
475 1702 604 1754 C.1ulius
617 1700 754 1751 decemvir

34 1770 126 1825 Sestio
138 1771 222 1835 dixit,
244 1778 272 1823 et
287 1777 435 1822 accusator
445 1770 480 1820 ad
492 1771 624 1836 populum
636 1769 753 1830 exstitit,

39 1841 82 1892 rei
92 1841 177 1893 iudex
188 1841 331 1909 legitimus
342 1845 415 1892 crat:
438 1839 611 1904 decessitque
622 1838 683 1888 iura
693 1851 753 1898 suo,

31 1917 136 1978 mptum
153 1910 186 1963 de
200 1913 229 1962 vi
244 1910 424 1978 magistratus
439 1907 538 1976 populi
551 1906 678 1960 libertati
687 1907 754 1958 adii·

30 2048 128 2101 XXIV.
148 2049 239 2112 Quum
254 2054 414 2116 promptum
429 2045 482 2100 hcc
496 2047 541 2099 ius
552 2047 629 2100 velut
642 2062 678 2118 ex
693 2062 753 2098 ora·

30 2125 210 2186 ‚ncorruptum
224 2119 331 2185 pariter
341 2119 375 2170 ab
385 2119 539 2171 hissummi
548 2119 690 2185 infimique
700 2116 754 2168 ier-

39 2193 98 2239 tum
109 2189 217 2255 legibus
227 2188 376 2240 condendis
386 2202 473 2256 opera
484 2187 616 2242 dabatur:
637 2187 754 2254 ingenti·

30 2259 162 2309 nominum
177 2259 384 2325 exspectatione
399 2259 551 2327 propositis
567 2258 662 2309 decern
673 2255 755 2306 tabu-

30 2327 136 2394 spulum
151 2327 187 2379 ed
202 2329 364 2381 concionem
379 2328 600 2381 advocaverunt:
623 2329 665 2385 et,
685 2321 757 2404 paud

30 2414 53 2461 n,
64 2398 197 2468 faustum,
208 2398 333 2470 felixque
345 2398 517 2466 reipublicae,
527 2395 603 2463 ipsis,
614 2393 755 2458 tiberisque

30 2485 38 2520 ι
49 2477 128 2530 esset,
139 2468 189 2531 ire,
198 2476 225 2519 et
234 2470 323 2537 legere
333 2470 404 2537 teges
409 2466 566 2536 propositas
574 2463 689 2514 iussere.
709 2462 754 2525 Se,

30 2546 80 2588 &nm
92 2538 180 2589 decem
190 2535 323 2589 hominum
332 2537 450 2606 ingeniis
466 2531 606 2602 provideri
624 2533 770 2598 potuerit,
