1860 2978
28 131 86 182 nn.
102 131 140 181 ιι.
160 128 243 182 cnr.
254 127 278 181 1.
288 129 313 181 2.
324 127 349 183 3.
368 129 411 198 [u.
422 129 451 182 c,
463 131 520 182 245·
530 125 563 179 n.
574 126 602 179 e.
615 128 683 194 507.]
736 131 768 178 rr

28 251 129 297 sanata,
140 234 250 285 solidam
261 234 413 286 libertatem
424 229 609 301 recuperatam
621 251 684 286 esse.
720 232 770 284 Re·

28 319 150 372 ugemts,
169 303 274 370 regium
284 321 385 364 aristen,
400 321 451 354 non
461 307 545 354 solum
554 303 583 354 in
594 303 714 366 civitate,
727 304 772 355 sed

28 389 50 425 rt
60 373 90 424 in
101 372 214 439 imperio
225 387 287 423 esse.
316 371 351 423 ll
360 370 474 438 officere,
485 372 515 422 id
519 371 629 424 ‘obstare
639 371 770 424 libertati.

28 459 50 494 sc
60 450 102 504 tu,
122 441 222 506 inquit,
240 450 288 492 last
299 442 450 503 voluntate,
469 440 502 491 L.
517 439 771 509 Tarqniai,remone

28 527 76 562 nm.
114 509 293 572 Meminimus,
298 510 433 581 fatemur,
444 509 547 561 eiecisti
557 527 641 579 reges.
658 510 771 562 Absolve

28 578 127 650 ficiam
146 586 232 630 taam.
268 578 312 629 Aa
328 596 357 630 er
376 578 439 631 lsinc
459 579 565 648 regium
580 596 681 633 actaea.
717 579 771 632 Res

28 666 32 698 ι
43 648 97 700 sits·
107 665 159 701 ann
168 650 253 699 solam
264 665 293 699 re
312 650 373 700 dent
384 647 452 700 cives
463 648 513 712 tui,
525 656 636 700 auctore
645 666 686 701 nse
692 667 703 710 ;
719 651 772 714 sed,

28 717 72 770 tid
80 718 163 781 deest,
174 716 297 786 snaniflce
307 717 452 786 augebant.
465 716 575 769 Amicus
584 717 644 770 ali.-
655 736 772 771 exonera

28 795 110 839 tatem
121 802 190 838 vano
195 787 318 858 forsitan
328 795 408 838 saeta.
443 786 490 838 lta
496 802 655 853 persuasam
666 796 705 840 est
714 788 772 840 uai-

28 893 33 919 ,
58 871 118 908 cum
134 865 217 925 gente
239 854 390 923 Tarquinia
410 872 523 924 regnam
542 855 605 909 laiac
626 857 771 909 abiturum.

30 924 88 977 suli
107 925 197 992 primo
217 930 276 976 tam
295 939 383 975 novae
398 925 440 974 rei
452 940 484 975 ac
497 925 606 977 subitae
623 925 772 977 admiratio

28 1000 123 1047 usserat
133 1009 238 1045 vocem.
261 992 363 1044 Dicere
375 991 474 1043 deinde
483 993 661 1058 incipientem
672 995 773 1060 primo·

31 1063 156 1115 civitatis
174 1061 393 1123 circumsistunt,
416 1060 514 1111 cndcm
529 1062 626 1111 multis
646 1063 773 1128 precibus

28 1137 64 1184 nt.
100 1132 138 1183 Et
158 1132 245 1184 ceteri
264 1130 374 1199 quidem
394 1129 544 1180 movebant
563 1129 661 1180 minus.
696 1129 776 1181 Post·

28 1217 56 1252 m
67 1199 114 1268 Sp.
124 1200 280 1262 Lucretius,
291 1200 379 1250 maior
391 1204 484 1250 aetate
496 1213 528 1250 ac
538 1198 685 1266 dignitate,
697 1213 775 1252 socer

28 1276 122 1323 cterea
129 1270 229 1336 ipsius,
250 1285 332 1337 agere
343 1270 433 1332 varic,
451 1268 576 1336 roganda
588 1268 704 1321 alternis
714 1284 776 1321 sua-

29 1340 127 1407 doque,
138 1339 238 1406 caepit,
252 1344 284 1389 ut
295 1339 368 1390 rinei
379 1354 409 1390 se
420 1354 555 1406 conqensu
567 1338 688 1391 civitatis
699 1346 775 1406 pate·

28 1424 66 1473 1r3
86 1410 188 1461 timens
199 1409 302 1471 consul,
318 1425 351 1460 ne
361 1407 537 1475 postmodum
547 1409 655 1475 privato
667 1410 721 1462 sibi
732 1424 776 1461 aa·

28 1495 37 1530 ι
47 1479 101 1530 illa
112 1493 172 1529 cum
183 1479 318 1528 bonorum
330 1479 486 1541 amissione,
507 1479 658 1546 additaque
669 1480 727 1532 alia
736 1479 776 1528 in-

28 1563 59 1601 sr
68 1548 231 1617 ignominia,
248 1547 411 1611 acciderent,
425 1548 566 1600 abdicarit
576 1565 606 1601 se
617 1550 776 1600 consulatu:

28 1633 112 1685 usque
121 1617 178 1669 suis
190 1616 314 1668 omnibus
325 1616 470 1668 Latinium
480 1619 639 1680 translatis,
661 1618 777 1673 ciuitate

28 1687 70 1738 sit.
96 1686 200 1739 Brutus
211 1701 246 1739 ex
256 1687 495 1739 senatusconsultu
508 1686 544 1738 nsi
558 1687 689 1754 pupulum
701 1685 776 1746 tulit,

28 1772 112 1808 amnes
122 1756 290 1823 Tarquiniae
301 1758 392 1824 gentis
403 1756 512 1809 exsules
523 1762 627 1808 essent:
639 1756 775 1825 collegam

28 1870 30 1876 ,
41 1826 164 1878 comitiis
177 1826 337 1878 centuriatis
348 1826 453 1886 crearit
462 1824 493 1876 P.
503 1825 655 1886 Valerium,
666 1840 719 1890 quo
731 1823 777 1874 ad·

28 1911 67 1947 tre
81 1910 162 1962 reges
173 1895 302 1947 eiecerat.

28 1964 75 2017 ΙΙΙ.
93 1966 183 2026 Quum
199 1963 272 2015 haud
288 1963 416 2029 cuiquam
432 1961 462 2011 in
474 1959 557 2010 dubio
569 1966 654 2022 esset,
675 1959 777 2012 bellum

28 2034 181 2102 Tarquiniis
195 2033 351 2094 imminerc,
367 2031 396 2081 id
410 2028 520 2097 quidem
534 2044 582 2096 spe
598 2029 719 2082 omnium
736 2045 778 2082 sc·

28 2121 32 2155 ι
43 2102 107 2155 luit.
135 2105 273 2165 Ceterum,
282 2102 313 2153 id
324 2100 397 2168 quod
407 2114 461 2150 nan
471 2099 612 2163 timebant,
623 2114 673 2168 per
684 2101 777 2152 dolum

28 2173 207 2239 sroffifionem
221 2186 309 2239 prope
325 2170 439 2222 libertas
452 2169 554 2221 amissa
564 2176 615 2224 est.
652 2171 740 2226 Erant
749 2171 778 2222 in

28 2258 103 2294 nana
113 2242 256 2293 iuventute
268 2239 459 2292 adolescentes
471 2239 589 2306 aliquot,
608 2257 659 2295 nec
668 2242 692 2292 ii
701 2240 779 2293 tenui

28 2326 40 2362 n
52 2312 117 2374 orti,
128 2325 245 2377 quorum
255 2310 284 2360 in
295 2323 379 2375 regno
390 2308 478 2360 libido
490 2310 609 2363 solutior
618 2311 718 2373 iuerat,
734 2323 779 2360 ae·
794 2364 803 2379 ,

28 2380 74 2433 ,les
85 2380 250 2446 sodalesque
261 2378 477 2430 adolescentium
489 2380 717 2446 Tarquiniorum,
737 2389 779 2426 as·

27 2452 49 2502 ti
71 2464 149 2501 marc
169 2448 247 2513 regio
262 2449 363 2498 rivere.
400 2449 470 2499 llam
490 2454 558 2512 tum,
579 2450 701 2515 aequata
717 2443 789 2494 'aune

28 2521 110 2581 nium,
121 2518 258 2569 licentiam
270 2523 444 2585 quaerentes,
451 2518 624 2575 libertatem
632 2510 811 2568 alrammus

28 2605 51 2637 m
64 2589 189 2638 vertisse
207 2590 376 2646 serritutcm
400 2594 480 2650 inter
498 2611 529 2649 se
548 2582 830 2662 cunquenmnuutuh

28 2671 61 2706 me
70 2653 279 2740 lomenemlesse,
293 2681 313 2718 a
324 2683 378 2738 qao
390 2668 547 2749 impetres,
558 2663 613 2720 ubi
623 2652 849 2724 inambulam-
