1860 2978
37 48 112 100 Lis.
124 43 158 98 V.
174 47 248 98 Cir,
260 43 300 98 32.
312 42 355 97 33.
376 44 421 110 [U.
432 44 461 95 C.
474 40 532 100 364.
544 41 576 95 A.
589 41 619 96 G.
630 42 700 109 sss]
737 41 788 96 33⁷

32 158 117 204 stante
128 150 209 203 fatali
220 151 281 201 urbi
293 150 380 212 clade,
391 150 479 217 legati
491 150 525 201 ab
537 148 657 201 Clusinis
667 149 789 212 veniunt,

32 223 125 274 lilium
146 221 279 272 adversus
300 219 398 270 Gallos
418 225 550 286 petentes.
588 220 658 269 Eam
678 224 788 286 gentem

34 292 110 342 ditur
132 290 219 352 fania,
243 289 388 340 dulcedine
407 288 516 354 frugmn
534 289 705 355 maximeque
722 289 789 348 rini,

32 377 62 410 ra
76 360 133 410 tum
143 361 295 425 voluptate,
314 365 431 424 captam,
447 360 529 424 Alpes
540 359 680 420 transisse,
696 373 789 425 agros-

32 446 43 481 e
54 430 88 479 ab
101 429 226 480 Etruscis
239 435 302 479 ante
314 430 406 478 cultos
420 428 591 495 possedisse:
613 434 639 479 et
650 428 789 478 invexisse

34 498 158 550 Galliam
173 500 269 549 vinum
282 498 442 549 illiciendae
456 498 547 566 gentis
564 498 790 550 causaAruntem

32 567 141 629 isinum,
153 567 196 617 ira
206 573 353 634 corruptae
363 567 459 625 uxoris
470 568 504 619 ab
516 567 685 630 Lucumone,
696 568 739 618 cui
749 572 790 617 tu-

32 637 71 687 *is
82 636 175 688 fuerat
185 638 253 703 ipse,
263 642 445 703 praepotente
456 639 565 700 iurene,
578 644 606 688 et
617 653 633 688 a
645 652 698 703 quo
711 650 790 702 expe-

32 721 140 772 poenac,
155 706 209 757 nisi
222 713 336 758 externa
347 708 389 758 ris
400 707 526 773 quaesita
536 712 618 769 esset,
634 707 789 773 nequirent:

32 792 63 827 nc
73 776 282 827 transeuntibus
292 776 376 842 Alpes
389 776 502 842 ducem,
523 784 718 842 auctoremque
731 772 802 826 Clu?

34 861 60 896 rn
78 846 254 912 oppugnandi
270 844 365 897 fuisse.
401 847 538 914 Equidem
551 845 624 896 haud
641 844 792 907 abnuerim,

32 915 114 966 isium
125 914 224 967 Gallos
236 916 271 967 ab
281 917 394 978 Arunte,
413 932 526 984 seuque
538 915 595 968 alio
606 913 728 976 Clusino,
746 913 793 965 sd·

32 991 103 1036 ctos:
120 985 169 1036 sed
181 1001 237 1048 eos,
249 985 295 1052 qui
306 988 528 1054 oppugnaverint
539 984 672 1046 Clusium,
686 998 740 1033 non
750 981 793 1032 l'u·

31 1071 55 1116 e,
72 1053 119 1121 qui
129 1054 210 1120 primi
220 1055 304 1120 Alpes
314 1056 486 1118 transierint,
504 1055 573 1107 satis
584 1057 701 1105 constat.
737 1050 793 1102 Du-

32 1123 81 1174 itis
91 1124 192 1190 quippe
203 1125 282 1175 annis
288 1131 361 1188 ante,
373 1141 454 1191 quarn
461 1125 585 1177 Clusium
593 1125 793 1190 oppugnarent,

32 1208 142 1260 remque
156 1195 273 1246 Romam
292 1201 437 1262 caperent,
457 1196 487 1246 in
501 1195 613 1247 ltaliam
629 1191 706 1245 Galli
719 1197 794 1243 tran-

32 1262 169 1314 mderunt:
190 1280 241 1317 nec
259 1263 377 1316 cumbis
392 1266 511 1333 primurn
526 1265 724 1326 Etruseorum,
744 1257 794 1313 sed

32 1333 79 1384 ilto
97 1338 161 1384 ante
176 1349 236 1384 cum
252 1333 299 1399 iis,
320 1335 367 1402 qui
383 1335 455 1388 inter
469 1335 640 1402 Apenninum
655 1333 794 1401 Alpesque

32 1401 160 1465 solebant,
179 1419 262 1471 saepe
273 1406 412 1457 exercitus
423 1405 528 1458 Gallici
536 1418 702 1473 pugnavere.
738 1402 794 1452 Tu·

32 1486 102 1523 ›rum
113 1477 177 1524 ante
187 1475 342 1526 Romanum
353 1477 500 1543 imperium
518 1477 576 1528 late
586 1481 662 1527 terra
671 1471 794 1539 marique

32 1557 59 1594 es
69 1546 195 1608 patuere.
231 1543 305 1595 Mari
316 1560 418 1612 supero
429 1545 584 1615 inferoque,
602 1544 700 1612 quibus
711 1540 795 1594 ltalia

32 1610 98 1664 ulae
109 1611 192 1663 modo
205 1612 338 1680 cingitur,
358 1622 491 1681 quantum
506 1614 661 1683 potuerint,
683 1611 796 1675 nomina

32 1686 55 1731 it
74 1690 237 1749 argumento
244 1701 251 1747 ;
277 1683 351 1750 quod
372 1684 492 1736 alterum
512 1686 634 1734 Tuscum
656 1681 794 1734 communi

32 1751 128 1802 cabulo
139 1753 240 1818 gentis,
259 1753 379 1804 alterum
389 1753 584 1805 ‚Hadriaticum
596 1765 681 1813 mare,
692 1749 726 1799 ab
737 1749 793 1797 Ha·

32 1836 54 1871 a
75 1821 228 1873 Tuscorum
252 1821 375 1884 colonia,
400 1836 534 1872 vocavere
552 1819 667 1871 Italicae
689 1822 794 1884 gentes.

33 1890 93 1942 aeci
104 1891 199 1943 eadem
206 1889 382 1959 Tyrrhenum
392 1895 476 1957 atque
481 1889 674 1941 Hadriaticum
686 1891 794 1938 vocant.

35 1959 65 2009 in
87 1965 234 2027 utrumque
257 1976 333 2012 mare
354 1966 500 2028 vergentes
520 1958 662 2011 incoluere
680 1956 795 2008 urbibus

32 2028 129 2080 odenis
140 2035 242 2082 terras:
254 2030 329 2097 prius
340 2029 554 2097 oisApeuninum
565 2028 600 2081 ad
611 2027 729 2080 inferum
739 2041 795 2076 ma·

32 2134 35 2157 ‚
56 2105 155 2163 postea
164 2105 241 2151 trans
252 2101 438 2166 Apenninum,
458 2099 591 2163 totidem,
612 2104 680 2166 quot
702 2095 798 2163 capita

32 2166 109 2232 iginis
124 2174 217 2232 erant,
240 2169 360 2235 coloniis
379 2170 484 2222 missis:
506 2185 576 2238 quae
595 2175 674 2221 trans
687 2164 794 2220 Padurn

32 2234 87 2284 mia
95 2234 173 2301 loen,
194 2245 310 2306 excepto
322 2238 493 2303 Venetorum
506 2240 625 2307 angulo,
646 2239 693 2306 qui
704 2237 795 2287 sinum

32 2303 195 2357 cumeolunt
205 2310 298 2371 maris,
308 2324 394 2375 usque
405 2310 441 2362 ad
451 2311 533 2377 Alpes
543 2317 666 2361 tenuere.
689 2304 796 2372 Alpinis

32 2388 101 2440 oque
124 2389 157 2425 ea
172 2379 300 2442 gentibus
315 2376 389 2430 baud
405 2380 487 2433 dubie
503 2381 582 2447 origo
599 2384 656 2439 est,
676 2373 795 2426 maxime

32 2443 100 2495 etis:
114 2460 182 2512 quos
192 2445 256 2498 loca
264 2449 325 2515 ipsa
336 2449 494 2513 efferarunt,
506 2465 540 2501 ne
550 2448 616 2516 quid
628 2462 662 2498 ex
673 2444 796 2511 antiquo,

32 2519 102 2634 retiter
113 2530 211 2566 sonum
222 2517 350 2587 linguae,
370 2536 421 2576 nec
433 2537 494 2575 eum
505 2521 709 2585 incorruptum,
728 2512 794 2566 reti·

32 2598 73 2633 :en
89 2622 95 2635 ,

32 2654 58 2705 Γ.
70 2653 133 2707 lav.
145 2658 218 2711 Tou.
229 2658 250 2710 1.
566 2655 599 2710 Ἰ
