<?xml version="1.0" encoding="UTF-8"?>
<!DOCTYPE html PUBLIC "-//W3C//DTD XHTML 1.0 Transitional//EN"
    "http://www.w3.org/TR/xhtml1/DTD/xhtml1-transitional.dtd">
<html xmlns="http://www.w3.org/1999/xhtml" xml:lang="en" lang="en">
 <head>
  <title>
</title>
<meta http-equiv="Content-Type" content="text/html;charset=utf-8" />
  <meta name='ocr-system' content='tesseract 3.04.00' />
  <meta name='ocr-capabilities' content='ocr_page ocr_carea ocr_par ocr_line ocrx_word'/>
</head>
<body>
  <div class='ocr_page' id='page_1' title='image "./tliviipatavinih03livigoog_0367.png"; bbox 0 0 1860 2978; ppageno 0'>
   <div class='ocr_carea' id='block_1_1' title="bbox 265 39 930 529">
    <p class='ocr_par' dir='ltr' id='par_1_1' title="bbox 265 39 930 529">
     <span class='ocr_line' id='line_1_1' title="bbox 266 39 922 114; baseline -0.002 -17"><span class='ocrx_word' id='word_1_1' title='bbox 266 39 365 114; x_wconf 81' lang='lat' dir='ltr'>paride</span> <span class='ocrx_word' id='word_1_2' title='bbox 377 43 499 109; x_wconf 82' lang='lat' dir='ltr'><strong>fugerat,</strong></span> <span class='ocrx_word' id='word_1_3' title='bbox 520 44 618 95; x_wconf 75' lang='lat' dir='ltr'>civitas</span> <span class='ocrx_word' id='word_1_4' title='bbox 629 42 691 94; x_wconf 85' lang='lat' dir='ltr'>fuit.</span> <span class='ocrx_word' id='word_1_5' title='bbox 728 40 803 96; x_wconf 82' lang='lat' dir='ltr'>Nam</span> <span class='ocrx_word' id='word_1_6' title='bbox 814 42 922 113; x_wconf 74' lang='lat' dir='ltr'>quum³</span> 
     </span>
     <span class='ocr_line' id='line_1_2' title="bbox 265 113 924 183; baseline -0.009 -17"><span class='ocrx_word' id='word_1_7' title='bbox 265 115 329 168; x_wconf 88' lang='lat' dir='ltr'>bem</span> <span class='ocrx_word' id='word_1_8' title='bbox 340 128 435 179; x_wconf 87' lang='lat' dir='ltr'>posse,</span> <span class='ocrx_word' id='word_1_9' title='bbox 446 118 504 164; x_wconf 90' lang='lat' dir='ltr'>tam</span> <span class='ocrx_word' id='word_1_10' title='bbox 517 128 602 179; x_wconf 79' lang='lat' dir='ltr'>parra</span> <span class='ocrx_word' id='word_1_11' title='bbox 613 113 713 164; x_wconf 88' lang='lat' dir='ltr'>relicta</span> <span class='ocrx_word' id='word_1_12' title='bbox 722 129 821 177; x_wconf 88' lang='lat' dir='ltr'>manu,</span> <span class='ocrx_word' id='word_1_13' title='bbox 831 130 904 183; x_wconf 80' lang='lat' dir='ltr'>spes</span> <span class='ocrx_word' id='word_1_14' title='bbox 922 145 924 160; x_wconf 90' lang='lat'>.</span> 
     </span>
     <span class='ocr_line' id='line_1_3' title="bbox 266 183 930 253; baseline 0.008 -18"><span class='ocrx_word' id='word_1_15' title='bbox 266 184 384 253; x_wconf 86' lang='lat' dir='ltr'>placuit,</span> <span class='ocrx_word' id='word_1_16' title='bbox 404 198 466 232; x_wconf 89' lang='lat' dir='ltr'>eum</span> <span class='ocrx_word' id='word_1_17' title='bbox 483 183 647 250; x_wconf 82' lang='lat' dir='ltr'>coniugibus</span> <span class='ocrx_word' id='word_1_18' title='bbox 665 197 698 233; x_wconf 89' lang='lat' dir='ltr'>ac</span> <span class='ocrx_word' id='word_1_19' title='bbox 714 184 813 236; x_wconf 87' lang='lat' dir='ltr'>liberis</span> <span class='ocrx_word' id='word_1_20' title='bbox 824 184 930 239; x_wconf 82' lang='lat' dir='ltr'>iuven</span> 
     </span>
     <span class='ocr_line' id='line_1_4' title="bbox 267 253 924 320; baseline 0.002 -14"><span class='ocrx_word' id='word_1_21' title='bbox 267 261 357 306; x_wconf 85' lang='lat' dir='ltr'>tarem</span> <span class='ocrx_word' id='word_1_22' title='bbox 367 257 535 318; x_wconf 81' lang='lat' dir='ltr'>senatusque</span> <span class='ocrx_word' id='word_1_23' title='bbox 546 253 631 304; x_wconf 84' lang='lat' dir='ltr'>robur</span> <span class='ocrx_word' id='word_1_24' title='bbox 640 253 669 302; x_wconf 91' lang='lat' dir='ltr'>in</span> <span class='ocrx_word' id='word_1_25' title='bbox 680 267 773 304; x_wconf 88' lang='lat' dir='ltr'>arcem</span> <span class='ocrx_word' id='word_1_26' title='bbox 780 254 900 320; x_wconf 77' lang='lat' dir='ltr'>Capitol</span> <span class='ocrx_word' id='word_1_27' title='bbox 921 279 924 299; x_wconf 87' lang='lat'><strong>·</strong></span> 
     </span>
     <span class='ocr_line' id='line_1_5' title="bbox 268 321 915 389; baseline 0.002 -13"><span class='ocrx_word' id='word_1_28' title='bbox 268 323 381 385; x_wconf 84' lang='lat' dir='ltr'>cedere,</span> <span class='ocrx_word' id='word_1_29' title='bbox 402 322 540 389; x_wconf 80' lang='lat' dir='ltr'>arniisque</span> <span class='ocrx_word' id='word_1_30' title='bbox 553 327 580 373; x_wconf 83' lang='lat' dir='ltr'>et</span> <span class='ocrx_word' id='word_1_31' title='bbox 590 321 731 374; x_wconf 79' lang='lat' dir='ltr'>frumento</span> <span class='ocrx_word' id='word_1_32' title='bbox 742 322 875 389; x_wconf 77' lang='lat' dir='ltr'>collatis,</span> <span class='ocrx_word' id='word_1_33' title='bbox 897 342 915 379; x_wconf 91' lang='lat' dir='ltr'>e</span> 
     </span>
     <span class='ocr_line' id='line_1_6' title="bbox 267 390 929 459; baseline -0.008 -12"><span class='ocrx_word' id='word_1_34' title='bbox 267 395 374 447; x_wconf 88' lang='lat' dir='ltr'>munito</span> <span class='ocrx_word' id='word_1_35' title='bbox 385 391 452 445; x_wconf 88' lang='lat' dir='ltr'>deos</span> <span class='ocrx_word' id='word_1_36' title='bbox 463 391 643 459; x_wconf 81' lang='lat' dir='ltr'>hominesque</span> <span class='ocrx_word' id='word_1_37' title='bbox 660 398 688 443; x_wconf 90' lang='lat' dir='ltr'>et</span> <span class='ocrx_word' id='word_1_38' title='bbox 698 390 861 445; x_wconf 76' lang='lat' dir='ltr'>Romanum</span> <span class='ocrx_word' id='word_1_39' title='bbox 875 410 929 447; x_wconf 55' lang='lat' dir='ltr'>nor</span> 
     </span>
     <span class='ocr_line' id='line_1_7' title="bbox 268 459 915 529; baseline -0.002 -12"><span class='ocrx_word' id='word_1_40' title='bbox 268 464 347 518; x_wconf 84' lang='lat' dir='ltr'>dere:</span> <span class='ocrx_word' id='word_1_41' title='bbox 359 460 498 515; x_wconf 81' lang='lat' dir='ltr'>llaniinem</span> <span class='ocrx_word' id='word_1_42' title='bbox 509 459 865 529; x_wconf 83' lang='lat' dir='ltr'>sacerdotesqueVestales</span> <span class='ocrx_word' id='word_1_43' title='bbox 878 480 915 516; x_wconf 82' lang='lat' dir='ltr'>sa</span> 
     </span>
    </p>
   </div>
   <div class='ocr_carea' id='block_1_2' title="bbox 269 530 930 1633">
    <p class='ocr_par' dir='ltr' id='par_1_2' title="bbox 269 530 928 670">
     <span class='ocr_line' id='line_1_8' title="bbox 269 530 928 600; baseline -0.005 -11"><span class='ocrx_word' id='word_1_44' title='bbox 269 533 389 597; x_wconf 73' lang='lat' dir='ltr'>aceede,</span> <span class='ocrx_word' id='word_1_45' title='bbox 402 535 435 585; x_wconf 89' lang='lat' dir='ltr'>ab</span> <span class='ocrx_word' id='word_1_46' title='bbox 448 532 585 586; x_wconf 87' lang='lat' dir='ltr'>incendiis</span> <span class='ocrx_word' id='word_1_47' title='bbox 598 532 694 600; x_wconf 86' lang='lat' dir='ltr'>procul</span> <span class='ocrx_word' id='word_1_48' title='bbox 706 530 833 585; x_wconf 86' lang='lat' dir='ltr'>auferre:</span> <span class='ocrx_word' id='word_1_49' title='bbox 850 550 908 586; x_wconf 90' lang='lat' dir='ltr'>nec</span> <span class='ocrx_word' id='word_1_50' title='bbox 926 558 928 579; x_wconf 62' lang='grc' dir='ltr'><em>τ</em></span> 
     </span>
     <span class='ocr_line' id='line_1_9' title="bbox 269 606 867 670; baseline -0.003 -13"><span class='ocrx_word' id='word_1_51' title='bbox 269 606 374 657; x_wconf 89' lang='lat' dir='ltr'>cultum</span> <span class='ocrx_word' id='word_1_52' title='bbox 385 619 493 665; x_wconf 89' lang='lat' dir='ltr'>eorum,</span> <span class='ocrx_word' id='word_1_53' title='bbox 513 618 594 670; x_wconf 89' lang='lat' dir='ltr'>quam</span> <span class='ocrx_word' id='word_1_54' title='bbox 605 617 660 653; x_wconf 91' lang='lat' dir='ltr'>non</span> <span class='ocrx_word' id='word_1_55' title='bbox 672 609 867 668; x_wconf 78' lang='lat' dir='ltr'>superessent,</span> 
     </span>
    </p>

    <p class='ocr_par' dir='ltr' id='par_1_3' title="bbox 269 671 930 1300">
     <span class='ocr_line' id='line_1_10' title="bbox 269 671 930 742; baseline -0.009 -15"><span class='ocrx_word' id='word_1_56' title='bbox 269 674 300 727; x_wconf 88' lang='lat' dir='ltr'>Si</span> <span class='ocrx_word' id='word_1_57' title='bbox 310 691 361 726; x_wconf 82' lang='lat' dir='ltr'>arx</span> <span class='ocrx_word' id='word_1_58' title='bbox 371 674 604 742; x_wconf 83' lang='lat' dir='ltr'>Capitoliumque,</span> <span class='ocrx_word' id='word_1_59' title='bbox 623 672 703 725; x_wconf 84' lang='lat' dir='ltr'>sedes</span> <span class='ocrx_word' id='word_1_60' title='bbox 714 671 841 737; x_wconf 88' lang='lat' dir='ltr'>deorum,</span> <span class='ocrx_word' id='word_1_61' title='bbox 863 675 890 725; x_wconf 82' lang='lat' dir='ltr'>si</span> <span class='ocrx_word' id='word_1_62' title='bbox 902 690 930 727; x_wconf 59' lang='lat' dir='ltr'>s:</span> 
     </span>
     <span class='ocr_line' id='line_1_11' title="bbox 269 741 928 811; baseline 0.002 -15"><span class='ocrx_word' id='word_1_63' title='bbox 269 751 319 811; x_wconf 92' lang='lat' dir='ltr'>put</span> <span class='ocrx_word' id='word_1_64' title='bbox 331 745 437 810; x_wconf 84' lang='lat' dir='ltr'>publici</span> <span class='ocrx_word' id='word_1_65' title='bbox 450 744 574 806; x_wconf 83' lang='lat' dir='ltr'>consilii,</span> <span class='ocrx_word' id='word_1_66' title='bbox 594 742 619 794; x_wconf 91' lang='lat' dir='ltr'>si</span> <span class='ocrx_word' id='word_1_67' title='bbox 630 741 760 793; x_wconf 88' lang='lat' dir='ltr'>militaris</span> <span class='ocrx_word' id='word_1_68' title='bbox 770 743 907 797; x_wconf 74' lang='lat' dir='ltr'>iuventus</span> <span class='ocrx_word' id='word_1_69' title='bbox 924 782 928 789; x_wconf 80' lang='lat'><em>·</em></span> 
     </span>
     <span class='ocr_line' id='line_1_12' title="bbox 269 810 918 876; baseline 0.005 -12"><span class='ocrx_word' id='word_1_70' title='bbox 269 814 423 864; x_wconf 84' lang='lat' dir='ltr'>imminenti</span> <span class='ocrx_word' id='word_1_71' title='bbox 434 814 531 866; x_wconf 88' lang='lat' dir='ltr'>ruinae</span> <span class='ocrx_word' id='word_1_72' title='bbox 542 813 629 876; x_wconf 89' lang='lat' dir='ltr'>urbis,</span> <span class='ocrx_word' id='word_1_73' title='bbox 644 810 757 865; x_wconf 75' lang='lat' dir='ltr'>facilem</span> <span class='ocrx_word' id='word_1_74' title='bbox 768 812 918 867; x_wconf 77' lang='lat' dir='ltr'>iacturam</span> 
     </span>
     <span class='ocr_line' id='line_1_13' title="bbox 269 880 928 948; baseline 0.005 -15"><span class='ocrx_word' id='word_1_75' title='bbox 269 898 343 944; x_wconf 91' lang='lat' dir='ltr'>rum,</span> <span class='ocrx_word' id='word_1_76' title='bbox 363 882 480 935; x_wconf 87' lang='lat' dir='ltr'>relictae</span> <span class='ocrx_word' id='word_1_77' title='bbox 496 884 526 933; x_wconf 88' lang='lat' dir='ltr'>in</span> <span class='ocrx_word' id='word_1_78' title='bbox 541 885 609 935; x_wconf 86' lang='lat' dir='ltr'>urbe</span> <span class='ocrx_word' id='word_1_79' title='bbox 623 880 721 948; x_wconf 79' lang='lat' dir='ltr'>utique</span> <span class='ocrx_word' id='word_1_80' title='bbox 733 883 883 948; x_wconf 86' lang='lat' dir='ltr'>periturae</span> <span class='ocrx_word' id='word_1_81' title='bbox 893 889 928 935; x_wconf 87' lang='lat' dir='ltr'>tu</span> 
     </span>
     <span class='ocr_line' id='line_1_14' title="bbox 269 950 921 1019; baseline 0.008 -17"><span class='ocrx_word' id='word_1_82' title='bbox 269 966 322 1019; x_wconf 91' lang='lat' dir='ltr'>quo</span> <span class='ocrx_word' id='word_1_83' title='bbox 333 950 362 1001; x_wconf 89' lang='lat' dir='ltr'>id</span> <span class='ocrx_word' id='word_1_84' title='bbox 375 952 507 1017; x_wconf 85' lang='lat' dir='ltr'>aequiore</span> <span class='ocrx_word' id='word_1_85' title='bbox 519 953 611 1003; x_wconf 89' lang='lat' dir='ltr'>animo</span> <span class='ocrx_word' id='word_1_86' title='bbox 624 952 657 1002; x_wconf 91' lang='lat' dir='ltr'>de</span> <span class='ocrx_word' id='word_1_87' title='bbox 669 951 750 1018; x_wconf 83' lang='lat' dir='ltr'>plebe</span> <span class='ocrx_word' id='word_1_88' title='bbox 760 951 921 1007; x_wconf 90' lang='lat' dir='ltr'>multitudo</span> 
     </span>
     <span class='ocr_line' id='line_1_15' title="bbox 270 1017 926 1087; baseline 0.003 -15"><span class='ocrx_word' id='word_1_89' title='bbox 270 1037 317 1073; x_wconf 89' lang='lat' dir='ltr'>nes</span> <span class='ocrx_word' id='word_1_90' title='bbox 327 1017 511 1086; x_wconf 86' lang='lat' dir='ltr'>triumphales</span> <span class='ocrx_word' id='word_1_91' title='bbox 524 1021 739 1087; x_wconf 84' lang='lat' dir='ltr'>consularesque</span> <span class='ocrx_word' id='word_1_92' title='bbox 752 1021 837 1072; x_wconf 89' lang='lat' dir='ltr'>simul</span> <span class='ocrx_word' id='word_1_93' title='bbox 854 1038 887 1074; x_wconf 91' lang='lat' dir='ltr'>se</span> <span class='ocrx_word' id='word_1_94' title='bbox 905 1047 926 1066; x_wconf 61' lang='lat' dir='ltr'>e·</span> 
     </span>
     <span class='ocr_line' id='line_1_16' title="bbox 269 1088 930 1159; baseline 0 -16"><span class='ocrx_word' id='word_1_95' title='bbox 269 1090 326 1143; x_wconf 90' lang='lat' dir='ltr'>lam</span> <span class='ocrx_word' id='word_1_96' title='bbox 337 1089 428 1141; x_wconf 87' lang='lat' dir='ltr'>dicere</span> <span class='ocrx_word' id='word_1_97' title='bbox 441 1088 584 1157; x_wconf 86' lang='lat' dir='ltr'>obituros;</span> <span class='ocrx_word' id='word_1_98' title='bbox 604 1106 656 1142; x_wconf 89' lang='lat' dir='ltr'>nee</span> <span class='ocrx_word' id='word_1_99' title='bbox 666 1090 710 1142; x_wconf 88' lang='lat' dir='ltr'>his</span> <span class='ocrx_word' id='word_1_100' title='bbox 722 1091 899 1159; x_wconf 84' lang='lat' dir='ltr'>corporibus,</span> <span class='ocrx_word' id='word_1_101' title='bbox 927 1123 930 1134; x_wconf 56' lang='grc' dir='ltr'>ι</span> 
     </span>
     <span class='ocr_line' id='line_1_17' title="bbox 270 1158 930 1229; baseline 0 -16"><span class='ocrx_word' id='word_1_102' title='bbox 270 1175 349 1213; x_wconf 88' lang='lat' dir='ltr'>arma</span> <span class='ocrx_word' id='word_1_103' title='bbox 363 1158 450 1224; x_wconf 81' lang='lat' dir='ltr'>ferre,</span> <span class='ocrx_word' id='word_1_104' title='bbox 469 1174 527 1213; x_wconf 89' lang='lat' dir='ltr'>nou</span> <span class='ocrx_word' id='word_1_105' title='bbox 542 1162 616 1213; x_wconf 89' lang='lat' dir='ltr'>tueri</span> <span class='ocrx_word' id='word_1_106' title='bbox 631 1161 752 1229; x_wconf 87' lang='lat' dir='ltr'>patriam</span> <span class='ocrx_word' id='word_1_107' title='bbox 763 1167 895 1228; x_wconf 87' lang='lat' dir='ltr'>possent,</span> <span class='ocrx_word' id='word_1_108' title='bbox 927 1187 930 1206; x_wconf 74' lang='grc' dir='ltr'><strong>ι</strong></span> 
     </span>
     <span class='ocr_line' id='line_1_18' title="bbox 270 1232 589 1300; baseline 0.003 -17"><span class='ocrx_word' id='word_1_109' title='bbox 270 1232 392 1300; x_wconf 86' lang='lat' dir='ltr'>inopiam</span> <span class='ocrx_word' id='word_1_110' title='bbox 408 1237 589 1285; x_wconf 86' lang='lat' dir='ltr'>armatorum.</span> 
     </span>
    </p>

    <p class='ocr_par' dir='ltr' id='par_1_4' title="bbox 270 1298 930 1633">
     <span class='ocr_line' id='line_1_19' title="bbox 322 1298 921 1356; baseline 0.002 -3"><span class='ocrx_word' id='word_1_111' title='bbox 322 1302 383 1355; x_wconf 88' lang='lat' dir='ltr'>XL.</span> <span class='ocrx_word' id='word_1_112' title='bbox 400 1302 481 1355; x_wconf 83' lang='lat' dir='ltr'>llaec</span> <span class='ocrx_word' id='word_1_113' title='bbox 490 1304 565 1356; x_wconf 89' lang='lat' dir='ltr'>inter</span> <span class='ocrx_word' id='word_1_114' title='bbox 574 1302 698 1356; x_wconf 85' lang='lat' dir='ltr'>seniores</span> <span class='ocrx_word' id='word_1_115' title='bbox 709 1300 794 1351; x_wconf 80' lang='lat' dir='ltr'>morti</span> <span class='ocrx_word' id='word_1_116' title='bbox 806 1298 921 1354; x_wconf 83' lang='lat' dir='ltr'>destina</span> 
     </span>
     <span class='ocr_line' id='line_1_20' title="bbox 270 1369 930 1432; baseline -0.002 -8"><span class='ocrx_word' id='word_1_117' title='bbox 270 1373 382 1427; x_wconf 88' lang='lat' dir='ltr'>solatia.</span> <span class='ocrx_word' id='word_1_118' title='bbox 418 1372 526 1427; x_wconf 85' lang='lat' dir='ltr'>Versae</span> <span class='ocrx_word' id='word_1_119' title='bbox 544 1373 609 1425; x_wconf 88' lang='lat' dir='ltr'>inde</span> <span class='ocrx_word' id='word_1_120' title='bbox 626 1369 837 1424; x_wconf 85' lang='lat' dir='ltr'>adhortationes</span> <span class='ocrx_word' id='word_1_121' title='bbox 848 1371 887 1422; x_wconf 90' lang='lat' dir='ltr'>ad</span> <span class='ocrx_word' id='word_1_122' title='bbox 897 1388 930 1432; x_wconf 72' lang='lat' dir='ltr'>a;</span> 
     </span>
     <span class='ocr_line' id='line_1_21' title="bbox 271 1440 922 1510; baseline -0.005 -16"><span class='ocrx_word' id='word_1_123' title='bbox 271 1460 349 1506; x_wconf 91' lang='lat' dir='ltr'>num,</span> <span class='ocrx_word' id='word_1_124' title='bbox 373 1458 442 1510; x_wconf 91' lang='lat' dir='ltr'>quos</span> <span class='ocrx_word' id='word_1_125' title='bbox 456 1445 486 1495; x_wconf 88' lang='lat' dir='ltr'>iu</span> <span class='ocrx_word' id='word_1_126' title='bbox 497 1442 666 1510; x_wconf 85' lang='lat' dir='ltr'>Capitolium</span> <span class='ocrx_word' id='word_1_127' title='bbox 682 1444 765 1506; x_wconf 90' lang='lat' dir='ltr'>atque</span> <span class='ocrx_word' id='word_1_128' title='bbox 779 1440 806 1489; x_wconf 89' lang='lat' dir='ltr'>in</span> <span class='ocrx_word' id='word_1_129' title='bbox 826 1454 922 1492; x_wconf 87' lang='lat' dir='ltr'>arcem</span> 
     </span>
     <span class='ocr_line' id='line_1_22' title="bbox 271 1509 928 1575; baseline -0.002 -12"><span class='ocrx_word' id='word_1_130' title='bbox 271 1515 380 1575; x_wconf 87' lang='lat' dir='ltr'>bantur,</span> <span class='ocrx_word' id='word_1_131' title='bbox 387 1513 612 1565; x_wconf 86' lang='lat' dir='ltr'>commendantes</span> <span class='ocrx_word' id='word_1_132' title='bbox 624 1509 724 1561; x_wconf 82' lang='lat' dir='ltr'>virtuti</span> <span class='ocrx_word' id='word_1_133' title='bbox 735 1523 831 1559; x_wconf 87' lang='lat' dir='ltr'>eorum</span> <span class='ocrx_word' id='word_1_134' title='bbox 841 1509 928 1562; x_wconf 84' lang='lat' dir='ltr'>iuven</span> 
     </span>
     <span class='ocr_line' id='line_1_23' title="bbox 271 1579 922 1633; baseline 0 -2"><span class='ocrx_word' id='word_1_135' title='bbox 271 1582 314 1631; x_wconf 90' lang='lat' dir='ltr'>bis</span> <span class='ocrx_word' id='word_1_136' title='bbox 330 1596 380 1632; x_wconf 85' lang='lat' dir='ltr'>uer</span> <span class='ocrx_word' id='word_1_137' title='bbox 393 1587 533 1633; x_wconf 86' lang='lat' dir='ltr'>trecentos</span> <span class='ocrx_word' id='word_1_138' title='bbox 549 1581 696 1633; x_wconf 76' lang='lat' dir='ltr'>sexaeinta</span> <span class='ocrx_word' id='word_1_139' title='bbox 710 1593 797 1630; x_wconf 89' lang='lat' dir='ltr'>annos</span> <span class='ocrx_word' id='word_1_140' title='bbox 812 1579 922 1631; x_wconf 90' lang='lat' dir='ltr'>omnib</span> 
     </span>
    </p>
   </div>
   <div class='ocr_carea' id='block_1_3' title="bbox 0 0 945 2978">
    <p class='ocr_par' dir='ltr' id='par_1_5' title="bbox 0 0 945 2978">
     <span class='ocr_line' id='line_1_24' title="bbox 0 0 945 2978; baseline 0 0"><span class='ocrx_word' id='word_1_141' title='bbox 0 0 945 2978; x_wconf 95' lang='lat' dir='ltr'> </span> 
     </span>
    </p>
   </div>
  </div>
 </body>
</html>
