1860 2978
10 39 22 83 l

115 108 200 161 ΗΒ.
215 108 236 160 l.
256 106 342 160 CAP.
355 104 396 161 16.
408 104 450 162 17.
469 108 513 177 [Υ.
526 108 555 161 C.
565 106 607 164 58.
617 108 649 161 A.
662 110 691 160 C.
705 108 774 177 714]
823 110 856 163 23

50 222 107 268 erat
116 219 284 282 regnatum,
305 214 335 264 in
346 215 482 267 societate
494 230 584 282 aequa
594 216 799 282 possessionem
809 217 859 267 irn-

49 286 117 352 perii
127 284 304 346 amitterent,
321 283 367 334 sui
378 284 501 350 corporis
513 286 603 335 creari
614 298 708 351 regern
718 284 859 338 volebant.

49 354 170 407 Romani
189 360 300 405 veteres
320 355 496 420 peregrinum
516 368 611 420 regern
632 355 860 421 aspernabantur.

49 425 78 476 ln
87 424 178 476 variis
189 422 383 474 voluntatibus
393 424 504 490 regnari
514 429 608 475 tamen
619 438 713 475 ornnes
720 425 862 488 volebant,

14 550 17 557 ,
50 492 191 546 libertatis
203 491 350 543 dulcedine
360 492 482 543 nondum
494 497 618 558 experta.
654 495 752 545 Timor
762 494 861 547 deinde

50 563 148 631 Patres
161 562 287 623 incessit,
299 577 334 612 ne
346 562 486 631 civitatem
498 562 558 614 sine
569 562 695 630 imperio,
707 566 861 616 exercitum

52 634 108 685 sine
128 632 217 694 duce,
237 630 387 681 multarum
404 631 479 683 circa
494 633 652 685 cisitatium
672 633 790 685 irritatis
806 636 862 686 ani·

52 703 115 767 uris,
136 701 184 752 ris
199 700 294 768 aliqua
311 706 425 751 externa
444 700 612 754 adoriretur.
648 702 686 753 Et
701 718 762 754 esse
776 705 862 770 igitur

54 766 168 839 aliquod
180 775 267 836 caput
277 769 418 835 placebat3
439 776 468 822 et
478 787 559 823 nemo
578 771 661 822 alteri
673 772 824 826 concedere
834 774 862 825 in

55 843 177 893 animm
187 838 348 890 inducebat.
385 840 428 892 lta
438 855 496 892 rem
508 842 584 893 inter
594 857 624 892 sc
636 847 745 893 centum
754 842 862 907 Patres,

55 912 148 964 decem
165 909 288 961 decuriis
301 909 397 972 factis,
417 911 590 977 singulisque
604 911 633 961 in
644 912 770 978 singulas
782 912 863 965 decu·

55 983 110 1034 rias
126 979 246 1042 creetis,
266 980 315 1046 qui
330 995 454 1031 summae
469 994 561 1032 rerum
572 987 745 1048 praeessent,
768 997 864 1034 conso·

56 1052 138 1105 dant.
155 1051 263 1103 Decem
273 1048 480 1116 imperitabant,
489 1064 561 1100 unns
572 1066 635 1101 cum
646 1051 802 1118 insignibus
813 1053 864 1103 im·

72 1122 125 1176 erii
135 1128 165 1174 et
176 1119 325 1171 lictoribus
337 1125 408 1171 erat:
431 1119 552 1186 quinque
569 1119 677 1171 dierum
687 1121 779 1186 spatio
790 1122 865 1172 finie-

55 1138 137 1245 latur
158 1190 323 1257 imperium,
344 1205 376 1240 ac
390 1203 440 1255 per
455 1203 550 1239 omnes
566 1189 596 1238 in
611 1189 706 1240 orbem
722 1189 797 1240 ibat:
820 1205 865 1240 an·

54 1275 196 1329 auumque
215 1259 398 1312 intervallum
418 1260 499 1325 regni
519 1257 582 1310 fuit.
618 1259 649 1309 ld
672 1259 768 1323 abre,
791 1259 864 1328 quod

55 1348 126 1383 nunc
138 1344 250 1398 quoque
259 1334 337 1381 tenet
347 1344 460 1392 nornen,
481 1330 671 1396 interregnum
682 1332 864 1399 appellatum.

54 1403 188 1454 Fremere
208 1399 311 1451 deinde
330 1399 423 1466 plebs,
451 1400 667 1466 multiplicatam
690 1403 863 1466 servitutem,

56 1478 168 1525 centum
183 1484 235 1536 pro
251 1484 308 1521 uuo
325 1470 453 1521 domines
469 1469 572 1522 factos:
595 1487 646 1523 nec
661 1473 736 1524 ultra
749 1474 806 1524 nisi
821 1489 864 1523 re·

55 1558 127 1611 gem,
138 1546 168 1593 et
178 1540 214 1591 ab
224 1539 294 1607 ipsis
305 1544 437 1603 creatum,
446 1540 615 1593 videbantur
625 1544 744 1608 passuri.
771 1543 863 1604 Quum

55 1612 208 1665 sensissent
222 1624 256 1661 en
269 1610 375 1662 moveri
390 1609 501 1674 Patrem·
523 1611 693 1663 offerendum
709 1614 785 1664 ultro
800 1612 864 1673 rati,

55 1680 132 1749 quod
142 1678 272 1733 amissuri
283 1685 371 1742 erant,
388 1680 430 1731 ita
440 1683 561 1746 gratiam
571 1683 676 1743 ineunt,
698 1697 807 1732 summa
816 1696 865 1747 po·

54 1756 161 1805 testate
179 1749 284 1817 populo
305 1751 454 1816 permissa,
474 1757 576 1802 utnon
593 1751 656 1817 plus
675 1751 772 1802 darent
786 1751 864 1806 iuris.

10 1850 15 1859 ·
55 1836 141 1890 quam
150 1819 313 1871 retinerent.
348 1818 539 1872 Decrercrunt
551 1822 639 1881 enim,
658 1826 704 1883 ut,
723 1834 865 1886 quumpo·

53 1892 244 1958 pulueregem
258 1889 400 1950 iussisset,
416 1889 447 1938 id
464 1890 505 1938 sic
514 1896 607 1939 ratum
624 1894 710 1949 essct,
731 1890 757 1938 si
766 1889 866 1939 Patres

54 1966 188 2014 auctores
200 1958 312 2009 tierent:
332 1955 471 2022 hodieque
481 1958 511 2006 in
521 1956 634 2022 legibus
643 1957 867 2020 magistratibus·

54 2046 108 2099 que
118 2026 254 2095 rogandis
264 2033 416 2093 usurpatur
427 2026 503 2077 idem
513 2026 567 2087 ius,
579 2025 607 2076 vi
619 2024 757 2092 adempto.
773 2025 867 2077 Prius·

54 2114 140 2167 quem
149 2097 269 2165 populus
280 2096 444 2163 suffragium
455 2095 541 2159 ineat,
552 2096 580 2145 in
590 2095 726 2147 incertum
738 2097 867 2149 comitio·

53 2184 115 2221 rum
132 2172 263 2220 eventum
274 2165 372 2218 Patres
388 2172 517 2217 auctores
534 2167 613 2218 liunt.
650 2167 722 2218 Tum
733 2167 867 2230 interrex,

54 2238 191 2291 concione
203 2236 352 2288 advocata:
375 2235 567 2302 essebonum,
581 2237 724 2309 faustum,
738 2240 866 2311 felixque

53 2308 98 2373 sit,
108 2308 211 2374 inquit,
223 2305 353 2370 Quirites,
363 2321 454 2386 regem
464 2317 555 2360 create
560 2325 572 2370 ,·
586 2309 628 2360 ita
638 2307 769 2360 Patribus
779 2309 866 2361 sistam

53 2386 103 2435 est.
141 2378 244 2430 Patres
257 2376 363 2438 deinde,
381 2391 403 2425 st
423 2375 545 2444 dignum,
564 2378 611 2447 qui
626 2380 755 2431 secundus
766 2379 800 2429 ob
810 2376 866 2426 Ito·

54 2450 310 2508 tnelonumeretur‚
331 2445 473 2510 crearits's,
492 2458 614 2500 erectores
625 2448 707 2516 fient.
725 2495 728 2502 ,
744 2447 820 2497 Adeo
836 2443 866 2494 id

55 2524 168 2587 gratum
178 2516 255 2583 plebi
265 2514 334 2576 fuit,
356 2519 401 2578 ut,
422 2532 456 2567 ne
467 2517 537 2569 ricti
546 2518 682 2570 beneficio
693 2516 865 2578 riderentur,

55 2588 85 2639 id
95 2586 183 2639 modo
195 2587 347 2638 sciscerent
357 2584 550 2654 iuberentque,
570 2594 603 2638 ut
614 2591 726 2638 senatus
738 2583 865 2638 decerne-

56 2662 105 2723 ret,
114 2657 166 2727 qui
175 2656 282 2709 Romae
292 2660 431 2723 regnaret.
