1860 2978
43 39 125 65 ulus
139 39 161 63 1·
181 39 245 63 VM
256 49 263 64 ι
274 39 315 64 1.οι
328 39 370 66 1¹2.
389 39 431 81 [Va
444 39 473 64 u·
485 39 509 63 ds
520 39 553 63 ss·
565 39 595 63 υ·
607 39 679 78 J‘flu]
732 39 765 64 w

34 126 129 171 creat:
154 134 189 170 nc
207 118 360 186 parricidia
384 120 553 171 macularent
572 126 675 184 partus
697 132 765 180 suaa,

34 196 85 239 acm
95 186 147 250 illi,
158 187 271 239 liberum
282 186 311 239 ti
316 187 483 258 progeniem.
522 188 553 239 Si
564 184 716 252 affinitatis
725 185 766 239 ia·

34 274 64 320 ιι,
71 256 96 308 ti
104 257 233 308 connubii
240 257 328 326 piget,
337 257 367 310 ia
376 274 425 311 aas
434 257 531 310 uertite
541 258 614 310 iras:
625 273 671 310 noc
682 272 767 309 causa

34 342 96 379 ‚aas
106 328 247 378 vulnerum
258 344 291 378 ac
301 328 422 380 caedium
432 328 498 379 airis
510 344 542 379 ac
554 326 714 395 pareatibus
725 343 767 378 ιιι-

66 395 166 447 Melius
177 395 438 465 peribimus,.quum
457 398 514 467 tiae
535 397 630 449 alteris
650 406 769 449 oestrum

34 481 59 517 tc
74 473 125 516 aut
143 466 223 516 orlac
240 465 364 519 vivemus.
401 467 498 520 Movet
514 483 557 519 res
573 473 631 518 tum
643 467 769 517 multitu·

34 550 66 596 m,
81 539 140 584 mm
153 533 246 586 duces.
283 533 430 587 Silentium
444 544 472 590 et
482 536 626 603 repentina
636 536 668 586 fit
679 536 767 603 quies.

44 602 82 655 ad
97 601 197 656 foedus
212 603 369 656 faciendum
386 606 469 658 duces
485 606 635 673 prodeunt:
655 621 706 657 nec
721 620 769 671 pa·

34 672 128 737 modo,
140 673 189 726 scd
200 679 229 726 et
239 675 381 726 civitatem
391 692 474 726 unam
485 691 519 728 ex
530 676 636 727 duabus
647 674 767 725 faciunt:

34 758 82 795 um
98 745 270 795 consociant:
291 745 439 811 imperium
456 760 537 798 omne
552 744 699 796 conferunt
714 743 769 794 Ro·

34 832 47 864 ι.
83 811 127 864 Ita
137 814 276 880 geminata
285 815 367 876 urbo,
386 820 418 864 ut
432 812 541 866 Sabinis
557 822 650 866 tamen
662 811 770 880 aliquid

34 887 87 944 tur,
104 881 226 943 Quirites
236 900 253 935 a
264 884 384 935 curibus
395 884 539 950 appellati.
557 883 768 934 Monumentum

36 966 160 1019 pugnae,
177 953 227 1005 ubi
236 954 355 1021 primum
367 967 401 1004 ex
411 952 550 1018 profunda
561 965 683 1003 emersus
693 950 771 1016 palu·

34 1036 97 1088 tuus
106 1022 231 1072 Curtium
242 1023 272 1073 in
281 1022 354 1073 vado
366 1021 475 1083 statuit,
487 1020 611 1071 Curtium
622 1017 715 1070 lacum
725 1033 771 1086 ap·

34 1096 115 1142 nunt.
152 1092 195 1142 Ex
205 1093 281 1144 bello
293 1098 351 1142 tam
362 1091 439 1143 tristi
452 1091 528 1142 lacta
536 1094 651 1156 repente
662 1103 717 1155 pax
728 1103 771 1139 ca-

34 1176 55 1212 ss
65 1158 184 1212 Sabinas
194 1162 263 1212 viris
276 1177 309 1213 ac
317 1161 487 1227 parentibus,
500 1166 530 1212 et
540 1165 605 1211 ante
617 1158 771 1211 omnesRo-

34 1244 42 1281 t
58 1229 126 1296 ipsi,
144 1228 220 1282 tecit.
255 1231 366 1298 ltaque,
387 1246 470 1298 quum
489 1230 622 1298 populum
638 1228 770 1281 incurias

34 1305 81 1351 ntu
91 1298 235 1361 divideret,
250 1301 362 1351 nomina
371 1315 465 1350 aarum
477 1300 559 1349 curiis
568 1298 710 1365 imposuit.
739 1295 771 1347 ld

34 1367 171 1431 traditur,
192 1384 274 1434 quum
291 1365 462 1419 hauddubie
481 1368 624 1433 aliquanto
639 1382 770 1419 numerus

34 1436 112 1489 ahoe
118 1436 363 1499 mulierumfuerit,
369 1442 470 1499 aetate,
476 1452 511 1489 aa
519 1436 701 1504 dignitatibus
712 1435 771 1487 suis

34 1522 137 1569 rumve,
157 1522 191 1558 an
202 1512 279 1559 sorte
293 1507 384 1559 lectae
394 1507 463 1568 sint,
484 1522 554 1573 quac
564 1506 678 1558 nomina
688 1504 771 1557 curiis

34 1583 73 1629 nt.
110 1575 218 1628 Eodem
233 1581 359 1642 tempore
374 1582 403 1628 et
418 1576 559 1628 centuriae
571 1581 630 1627 tres
647 1575 772 1642 equitum

34 1647 143 1712 criptae
152 1651 225 1709 sunt,
234 1645 404 1698 Ramnenses
413 1647 448 1699 ab
455 1645 585 1708 Romulo,
597 1644 632 1696 ab
643 1645 710 1696 Tito
717 1646 772 1695 Ta·

34 1716 162 1767 iitienses
179 1716 321 1782 appellati.
357 1715 497 1767 Lucerum
508 1714 630 1766 nominis
646 1718 674 1764 et
690 1711 772 1778 origi·

34 1800 107 1837 ausa
116 1785 223 1839 incerta
233 1791 283 1837 est.
319 1784 386 1836 inde
397 1799 453 1833 non
462 1782 546 1833 modo
558 1795 713 1843 commune,
723 1779 772 1831 sed

35 1868 84 1906 ors
94 1854 189 1916 otiam,
202 1868 319 1921 regnum
330 1853 437 1905 (luobus
447 1851 559 1920 regibus
568 1848 631 1902 fuit.

34 1922 91 1976 [IV.
118 1923 186 1976 Post
203 1924 310 1990 aliquot
331 1937 417 1974 annos
437 1920 586 1989 propinqui
603 1920 679 1990 regis
695 1920 773 1972 Tatii

34 2000 78 2045 tos
98 1991 282 2045 Laurentium
301 1993 425 2060 pulsant:
457 2005 596 2059 quumque
616 1992 771 2044 Laurentes

35 2063 164 2132 gentium
174 2069 298 2130 agerent,
310 2062 383 2130 apud
389 2061 503 2114 Tatium
515 2062 608 2128 gratia
618 2078 731 2114 suonam
742 2069 772 2114 et

34 2148 63 2185 cs
78 2133 142 2199 plus
150 2139 298 2253 poterant.
335 2133 425 2200 Igitur
442 2132 556 2184 illorum
572 2148 690 2201 poenam
699 2133 730 2183 in
740 2147 771 2182 se

34 2203 66 2254 it:
75 2217 140 2254 nam
177 2202 272 2265 asinii,
284 2218 367 2269 quum
378 2202 414 2254 ad
423 2202 548 2255 sollenne
559 2202 725 2255 sacrificium
736 2215 770 2250 eo

34 2276 98 2335 sset,
114 2286 249 2324 concursu
259 2271 345 2336 facto,
360 2272 535 2324 interficitur.
570 2273 642 2324 Eam
651 2285 711 2321 rem
721 2269 772 2318 mi-

34 2355 125 2409 tegre‚
145 2356 229 2408 quam
241 2342 355 2409 dignum
367 2348 442 2406 erat,
461 2342 561 2394 tulisse
572 2338 721 2393 Romulum
731 2334 772 2388 fe·

34 2429 40 2462 =
56 2426 107 2463 eeu
118 2411 153 2463 ob
163 2410 278 2464 infidam
289 2413 452 2465 societatem
463 2412 550 2478 regni,
559 2426 610 2463 seu
621 2406 687 2473 quia
697 2405 773 2458 haud

34 2482 70 2535 ia
86 2495 200 2536 caesum
214 2481 353 2535 credebat.
388 2483 486 2548 ltaque
496 2480 573 2532 bello
588 2475 706 2547 quinam
713 2477 782 2528 aas·

36 2557 64 2606 te
84 2558 119 2603 ut
131 2557 226 2604 tamen
241 2552 420 2620 expiarentur
430 2549 800 2683 legatppuzminiuriaere·
874 2608 878 2627 ‘
