1860 2978
28 118 326 177 n.1v.cn.12.1a
347 118 393 192 [u.
406 123 668 194 emanere]
704 126 756 180 243

28 244 38 278 s
55 229 229 280 dulcedinem
243 230 273 279 in
289 229 411 281 cervices
426 235 549 296 accepto.
586 231 674 281 Unum
688 230 758 283 aluit

28 313 60 347 ιιιι
72 305 226 349 externum:
251 313 304 365 quo
321 299 345 348 si
360 304 529 364 aggravatae
539 315 584 350 res
596 306 696 363 essent,
712 300 759 352 vix

28 367 141 418 deorum
163 369 285 418 omnium
306 369 401 418 resisti
414 369 566 434 potuisset.
604 373 725 436 Coepere
742 387 759 422 a

39 437 122 498 mala,
134 454 182 488 seu
191 437 323 488 adversus
334 453 420 488 annus
431 436 558 506 frugibus
568 437 628 500 fuit,
640 454 688 490 seu
700 439 759 489 dul-

28 521 52 556 ιο
64 507 227 556 concionum
246 514 274 557 ct
289 508 367 558 urbis
385 507 495 559 deserto
516 522 647 574 agrorum
670 509 759 559 cultu:

30 580 177 642 utrumque
194 574 324 628 traditur.
351 576 389 627 Et
399 576 497 628 Patres
507 577 615 643 plebem
627 576 760 640 desidem,

28 645 107 695 ibuni
125 645 214 711 plebis
230 659 301 696 nunc
320 643 447 698 fraudem
468 662 540 697 nunc
560 642 758 713 negligentiam

28 715 101 764 ulum
112 715 289 766 accusabant.
325 714 472 767 Postremo
486 715 633 782 perpulere
647 715 760 783 plebeii,

28 826 30 833 .
49 783 213 835 adversante
229 789 339 847 senatu,
359 790 393 836 ut
404 784 438 836 L.
448 785 587 836 Minucius
603 784 760 852 praefectus

28 868 83 905 uae
100 860 253 918 crearetur3
275 852 386 906 felicior
400 854 429 904 in
442 869 477 916 eo
487 855 653 922 magistratu
668 855 703 907 ad
715 870 760 906 cu-

28 925 79 976 lam
89 924 229 976 libertatis
240 923 364 986 iuturus,
385 939 467 991 quam
482 924 699 976 adcurationem
712 925 760 975 mi—

29 993 67 1044 rii
77 994 135 1044 sui:
146 1008 301 1061 quanquam
313 999 454 1061 postremo
466 1006 592 1046 annonae
603 1008 712 1061 quoque
721 993 760 1044 lc·

28 1078 39 1114 e
58 1062 134 1113 haud
153 1063 321 1114 immeritam
331 1068 360 1114 ct
373 1060 492 1130 gratiam
504 1066 534 1114 et
547 1062 666 1130 gloriam
685 1062 759 1113 tulit.

28 1147 123 1199 quum,
142 1132 238 1183 multis
249 1133 324 1184 circa
340 1133 473 1183 finitimos
483 1130 602 1197 populos
613 1130 761 1196 legationi·

28 1216 98 1253 :erra
108 1202 235 1268 marique
246 1202 428 1268 nequicquam
439 1201 545 1262 missis,
566 1200 630 1263 (nisi
642 1198 714 1266 quod
726 1213 761 1250 ex

28 1270 74 1321 ria
91 1269 166 1321 haud
184 1272 227 1321 ita
247 1270 365 1321 multum
384 1268 520 1322 frumenti
538 1268 684 1322 advectum
706 1271 760 1330 est)

28 1355 66 1391 nn
86 1344 258 1390 momentum
273 1350 398 1390 annonae
418 1337 545 1403 iecisset3
567 1344 606 1402 ct,
618 1339 761 1391 revolutus

28 1409 254 1476 lispensationent
272 1409 396 1475 inopiae,
416 1406 542 1475 profiteri
561 1407 686 1475 cogendo
705 1406 761 1458 fru-

28 1484 91 1541 tum,
108 1483 137 1530 ct
144 1477 274 1541 vendere,
296 1477 369 1545 quod
380 1492 431 1528 usu
441 1485 583 1531 mensmuo
595 1483 762 1547 superesset,

28 1547 171 1614 dandoque
181 1553 261 1614 parte
271 1547 363 1599 diurni
374 1547 429 1600 cibi
444 1548 571 1611 servitia,
591 1546 762 1600 criminando

38 1622 67 1669 et
77 1617 235 1669 obiiciemlo
251 1618 311 1669 irae
324 1618 421 1685 populi
432 1615 641 1680 frumentarios,
662 1613 764 1669 acerba

28 1687 138 1754 mitione
148 1687 272 1753 aperiret
281 1687 379 1754 magis,
401 1700 483 1754 quam
493 1687 607 1749 levaret,
625 1686 762 1753 inopiam3
820 1688 830 1707 ·

28 1757 42 1807 :i
53 1770 88 1808 ex
101 1756 197 1825 plebe,
217 1770 266 1824 spe
281 1758 396 1819 amissa,
416 1756 605 1823 potiusquam
615 1760 647 1806 ut
659 1755 764 1806 crucia·

28 1841 58 1879 ur
70 1824 207 1879 trahendo
223 1828 355 1888 animam,
376 1824 514 1891 capitibus
530 1822 671 1875 obvolutis
687 1838 717 1874 se
732 1823 763 1871 in

28 1897 85 1948 uim
97 1897 360 1964 praecipitaverunt.

28 1966 84 2018 llll.
113 1968 186 2017 Tum
197 1966 243 2031 Sp.
253 1964 421 2016 Maeliusex
433 1959 556 2026 equestri
567 1954 674 2021 ordine,
689 1963 720 2010 ut
730 1958 764 2010 il·

28 2036 187 2102 rmporibus,
207 2033 369 2102 praedives,
388 2045 447 2082 rem
458 2029 565 2091 utilem,
583 2029 705 2097 pessimo
718 2042 764 2080 ex·

28 2105 67 2167 lo,
87 2106 184 2172 peiere
206 2103 338 2163 consilio,
358 2105 401 2152 est
421 2112 575 2167 aggressus.
611 2096 764 2152 Frumento

28 2189 78 2241 que
98 2190 134 2226 ex
154 2174 270 2225 Etruria
293 2173 402 2239 privata
421 2169 537 2237 pecunia
556 2183 605 2234 per
623 2166 765 2236 hospitum

28 2244 160 2311 utilemque
171 2242 329 2294 ministeria
341 2245 477 2305 coempto,
494 2243 584 2306 (quae,
600 2238 693 2302 credo,
703 2239 766 2304 ipsa

28 2311 58 2363 nl
72 2311 219 2364 levandam
234 2312 347 2379 publice
362 2308 428 2361 cura
439 2323 575 2360 annonam
587 2306 766 2374 impedimen·

28 2385 108 2442 ierat)
118 2382 285 2450 largitiones
294 2379 426 2432 frumenti
440 2379 534 2430 facere
550 2376 687 2427 instituit:
708 2372 766 2438 ple·

28 2464 89 2517 que,
99 2448 152 2502 boc
161 2466 274 2504 munere
285 2450 435 2511 delinitam,
446 2460 606 2514 quacunque
616 2441 768 2523 incederet,

28 2524 126 2587 pectus
138 2519 282 2589 elatusque
295 2534 379 2588 supra
393 2518 505 2570 modum
520 2512 639 2565 hominis
655 2514 766 2576 privati,

29 2605 56 2640 m
72 2587 198 2653 canera
216 2588 289 2642 haud
307 2590 421 2640 dubium
437 2584 611 2638 consulatum
624 2580 720 2643 lavore
732 2594 769 2628 ae

28 2658 250 2729 despondentem.
286 2660 357 2728 lpse,
367 2664 400 2708 ut
410 2654 605 2708 estbumanus
613 2646 788 2702 suenum·

514 2723 580 2788 Q
