<?xml version="1.0" encoding="UTF-8"?>
<!DOCTYPE html PUBLIC "-//W3C//DTD XHTML 1.0 Transitional//EN"
    "http://www.w3.org/TR/xhtml1/DTD/xhtml1-transitional.dtd">
<html xmlns="http://www.w3.org/1999/xhtml" xml:lang="en" lang="en">
 <head>
  <title>
</title>
<meta http-equiv="Content-Type" content="text/html;charset=utf-8" />
  <meta name='ocr-system' content='tesseract 3.04.00' />
  <meta name='ocr-capabilities' content='ocr_page ocr_carea ocr_par ocr_line ocrx_word'/>
</head>
<body>
  <div class='ocr_page' id='page_1' title='image "./tliviipatavinih03livigoog_0192.png"; bbox 0 0 1860 2978; ppageno 0'>
   <div class='ocr_carea' id='block_1_1' title="bbox 30 39 767 105">
    <p class='ocr_par' dir='ltr' id='par_1_1' title="bbox 30 39 767 105">
     <span class='ocr_line' id='line_1_1' title="bbox 30 39 767 81; baseline -0.007 -14"><span class='ocrx_word' id='word_1_1' title='bbox 30 39 80 69; x_wconf 69' lang='lat'>¹15·</span> <span class='ocrx_word' id='word_1_2' title='bbox 90 39 103 64; x_wconf 73' lang='grc' dir='ltr'>Ι</span> <span class='ocrx_word' id='word_1_3' title='bbox 111 39 149 65; x_wconf 79' lang='lat' dir='ltr'>n.</span> <span class='ocrx_word' id='word_1_4' title='bbox 159 39 234 66; x_wconf 63' lang='grc' dir='ltr'>νη·</span> <span class='ocrx_word' id='word_1_5' title='bbox 246 39 287 66; x_wconf 69' lang='lat' dir='ltr'>lue</span> <span class='ocrx_word' id='word_1_6' title='bbox 298 39 341 66; x_wconf 73' lang='grc' dir='ltr'>Ηο</span> <span class='ocrx_word' id='word_1_7' title='bbox 359 39 443 81; x_wconf 68' lang='lat' dir='ltr'>[Uo-U·</span> <span class='ocrx_word' id='word_1_8' title='bbox 455 39 513 81; x_wconf 66' lang='lat'>29⁶1·</span> <span class='ocrx_word' id='word_1_9' title='bbox 523 39 556 63; x_wconf 69' lang='lat' dir='ltr'>ns</span> <span class='ocrx_word' id='word_1_10' title='bbox 566 39 598 63; x_wconf 72' lang='grc' dir='ltr'>υο</span> <span class='ocrx_word' id='word_1_11' title='bbox 610 39 678 81; x_wconf 55' lang='grc' dir='ltr'><strong>Ῥϋῠο]</strong></span> <span class='ocrx_word' id='word_1_12' title='bbox 715 39 767 77; x_wconf 63' lang='grc' dir='ltr'>ιω</span> 
     </span>
     <span class='ocr_line' id='line_1_2' title="bbox 30 89 763 105; baseline -0.007 0"><span class='ocrx_word' id='word_1_13' title='bbox 30 89 763 105; x_wconf 72' lang='lat'><strong>—————-———-———-——-—-—-</strong></span> 
     </span>
    </p>
   </div>
   <div class='ocr_carea' id='block_1_2' title="bbox 30 115 804 2615">
    <p class='ocr_par' dir='ltr' id='par_1_2' title="bbox 30 115 804 2615">
     <span class='ocr_line' id='line_1_3' title="bbox 30 115 768 185; baseline 0.001 -15"><span class='ocrx_word' id='word_1_14' title='bbox 30 132 84 170; x_wconf 81' lang='lat' dir='ltr'>mm</span> <span class='ocrx_word' id='word_1_15' title='bbox 95 115 214 184; x_wconf 83' lang='lat' dir='ltr'>quietem</span> <span class='ocrx_word' id='word_1_16' title='bbox 224 117 362 169; x_wconf 85' lang='lat' dir='ltr'>melorum</span> <span class='ocrx_word' id='word_1_17' title='bbox 373 131 481 183; x_wconf 81' lang='lat' dir='ltr'>semper</span> <span class='ocrx_word' id='word_1_18' title='bbox 492 116 634 179; x_wconf 86' lang='lat' dir='ltr'>exoriens,</span> <span class='ocrx_word' id='word_1_19' title='bbox 654 121 768 185; x_wconf 85' lang='lat' dir='ltr'>tumque</span> 
     </span>
     <span class='ocr_line' id='line_1_4' title="bbox 48 185 769 260; baseline 0.001 -22"><span class='ocrx_word' id='word_1_20' title='bbox 48 187 194 255; x_wconf 80' lang='lat' dir='ltr'>peregrino</span> <span class='ocrx_word' id='word_1_21' title='bbox 214 193 321 260; x_wconf 65' lang='lat' dir='ltr'>terrore</span> <span class='ocrx_word' id='word_1_22' title='bbox 342 186 464 251; x_wconf 87' lang='lat' dir='ltr'>sopitum</span> <span class='ocrx_word' id='word_1_23' title='bbox 486 185 640 237; x_wconf 82' lang='lat' dir='ltr'>videbatur.</span> <span class='ocrx_word' id='word_1_24' title='bbox 681 189 717 238; x_wconf 83' lang='lat' dir='ltr'>At</span> <span class='ocrx_word' id='word_1_25' title='bbox 737 188 769 240; x_wconf 91' lang='lat' dir='ltr'>id</span> 
     </span>
     <span class='ocr_line' id='line_1_5' title="bbox 30 255 769 309; baseline 0.001 -2"><span class='ocrx_word' id='word_1_26' title='bbox 30 273 52 309; x_wconf 76' lang='lat' dir='ltr'>se</span> <span class='ocrx_word' id='word_1_27' title='bbox 68 272 152 306; x_wconf 92' lang='lat' dir='ltr'>unum</span> <span class='ocrx_word' id='word_1_28' title='bbox 167 257 286 306; x_wconf 77' lang='lat' dir='ltr'>maxime</span> <span class='ocrx_word' id='word_1_29' title='bbox 301 255 440 307; x_wconf 84' lang='lat' dir='ltr'>inclinatis</span> <span class='ocrx_word' id='word_1_30' title='bbox 452 255 534 307; x_wconf 87' lang='lat' dir='ltr'>rebus</span> <span class='ocrx_word' id='word_1_31' title='bbox 549 255 686 308; x_wconf 83' lang='lat' dir='ltr'>incubuit:</span> <span class='ocrx_word' id='word_1_32' title='bbox 709 263 769 308; x_wconf 70' lang='lat' dir='ltr'>tim-</span> 
     </span>
     <span class='ocr_line' id='line_1_6' title="bbox 30 324 768 390; baseline -0.003 -12"><span class='ocrx_word' id='word_1_33' title='bbox 30 326 98 378; x_wconf 84' lang='lat' dir='ltr'>mim</span> <span class='ocrx_word' id='word_1_34' title='bbox 112 326 239 376; x_wconf 87' lang='lat' dir='ltr'>tribunos</span> <span class='ocrx_word' id='word_1_35' title='bbox 254 324 333 376; x_wconf 80' lang='lat' dir='ltr'>furor</span> <span class='ocrx_word' id='word_1_36' title='bbox 347 325 448 386; x_wconf 88' lang='lat' dir='ltr'>tenuit,</span> <span class='ocrx_word' id='word_1_37' title='bbox 469 331 500 375; x_wconf 88' lang='lat' dir='ltr'>ut</span> <span class='ocrx_word' id='word_1_38' title='bbox 514 339 570 375; x_wconf 90' lang='lat' dir='ltr'>non</span> <span class='ocrx_word' id='word_1_39' title='bbox 579 324 698 390; x_wconf 84' lang='lat' dir='ltr'>bellum,</span> <span class='ocrx_word' id='word_1_40' title='bbox 717 327 768 378; x_wconf 87' lang='lat' dir='ltr'>sed</span> 
     </span>
     <span class='ocr_line' id='line_1_7' title="bbox 30 394 768 462; baseline 0 -16"><span class='ocrx_word' id='word_1_41' title='bbox 30 412 66 446; x_wconf 78' lang='lat' dir='ltr'>sm</span> <span class='ocrx_word' id='word_1_42' title='bbox 79 395 228 462; x_wconf 81' lang='lat' dir='ltr'>imaginem</span> <span class='ocrx_word' id='word_1_43' title='bbox 244 394 326 456; x_wconf 90' lang='lat' dir='ltr'>belli,</span> <span class='ocrx_word' id='word_1_44' title='bbox 347 394 382 446; x_wconf 80' lang='lat' dir='ltr'>ad</span> <span class='ocrx_word' id='word_1_45' title='bbox 398 396 563 446; x_wconf 79' lang='lat' dir='ltr'>avertendos</span> <span class='ocrx_word' id='word_1_46' title='bbox 574 394 607 445; x_wconf 85' lang='lat' dir='ltr'>ab</span> <span class='ocrx_word' id='word_1_47' title='bbox 618 395 689 461; x_wconf 76' lang='lat' dir='ltr'>legis</span> <span class='ocrx_word' id='word_1_48' title='bbox 701 412 768 448; x_wconf 83' lang='lat' dir='ltr'>curn</span> 
     </span>
     <span class='ocr_line' id='line_1_8' title="bbox 31 464 768 530; baseline 0.001 -16"><span class='ocrx_word' id='word_1_49' title='bbox 31 467 57 515; x_wconf 91' lang='lat' dir='ltr'>is</span> <span class='ocrx_word' id='word_1_50' title='bbox 73 465 199 525; x_wconf 75' lang='lat' dir='ltr'>animos,</span> <span class='ocrx_word' id='word_1_51' title='bbox 215 464 382 530; x_wconf 84' lang='lat' dir='ltr'>Capitolium</span> <span class='ocrx_word' id='word_1_52' title='bbox 403 464 540 515; x_wconf 85' lang='lat' dir='ltr'>insedisse</span> <span class='ocrx_word' id='word_1_53' title='bbox 557 464 768 517; x_wconf 87' lang='lat' dir='ltr'>contenderent:</span> 
     </span>
     <span class='ocr_line' id='line_1_9' title="bbox 30 531 769 601; baseline 0 -17"><span class='ocrx_word' id='word_1_54' title='bbox 30 533 148 584; x_wconf 89' lang='lat' dir='ltr'>iciorum</span> <span class='ocrx_word' id='word_1_55' title='bbox 158 531 282 600; x_wconf 79' lang='lat' dir='ltr'>hospites</span> <span class='ocrx_word' id='word_1_56' title='bbox 296 533 474 601; x_wconf 88' lang='lat' dir='ltr'>clientesque,</span> <span class='ocrx_word' id='word_1_57' title='bbox 485 535 509 584; x_wconf 92' lang='lat' dir='ltr'>si</span> <span class='ocrx_word' id='word_1_58' title='bbox 520 533 629 600; x_wconf 81' lang='lat' dir='ltr'>perlata</span> <span class='ocrx_word' id='word_1_59' title='bbox 639 534 701 601; x_wconf 85' lang='lat' dir='ltr'>lege</span> <span class='ocrx_word' id='word_1_60' title='bbox 713 534 769 584; x_wconf 84' lang='lat' dir='ltr'>iru-</span> 
     </span>
     <span class='ocr_line' id='line_1_10' title="bbox 38 601 770 671; baseline 0.003 -17"><span class='ocrx_word' id='word_1_61' title='bbox 38 601 225 654; x_wconf 86' lang='lat' dir='ltr'>tumultuatos</span> <span class='ocrx_word' id='word_1_62' title='bbox 236 619 296 654; x_wconf 88' lang='lat' dir='ltr'>esse</span> <span class='ocrx_word' id='word_1_63' title='bbox 306 618 336 653; x_wconf 91' lang='lat' dir='ltr'>se</span> <span class='ocrx_word' id='word_1_64' title='bbox 346 603 477 665; x_wconf 83' lang='lat' dir='ltr'>sentiant,</span> <span class='ocrx_word' id='word_1_65' title='bbox 497 604 613 667; x_wconf 86' lang='lat' dir='ltr'>maiore,</span> <span class='ocrx_word' id='word_1_66' title='bbox 633 618 715 671; x_wconf 79' lang='lat' dir='ltr'>quam</span> <span class='ocrx_word' id='word_1_67' title='bbox 724 619 770 656; x_wconf 84' lang='lat' dir='ltr'>ve·</span> 
     </span>
     <span class='ocr_line' id='line_1_11' title="bbox 30 672 772 741; baseline 0.003 -18"><span class='ocrx_word' id='word_1_68' title='bbox 30 677 73 735; x_wconf 91' lang='lat' dir='ltr'>nt,</span> <span class='ocrx_word' id='word_1_69' title='bbox 93 672 206 723; x_wconf 90' lang='lat' dir='ltr'>silentio</span> <span class='ocrx_word' id='word_1_70' title='bbox 223 672 358 723; x_wconf 81' lang='lat' dir='ltr'>abituros.</span> <span class='ocrx_word' id='word_1_71' title='bbox 394 672 549 725; x_wconf 87' lang='lat' dir='ltr'>Concilium</span> <span class='ocrx_word' id='word_1_72' title='bbox 565 672 630 724; x_wconf 91' lang='lat' dir='ltr'>inde</span> <span class='ocrx_word' id='word_1_73' title='bbox 645 673 772 741; x_wconf 82' lang='lat' dir='ltr'>legiper-</span> 
     </span>
     <span class='ocr_line' id='line_1_12' title="bbox 30 738 773 809; baseline 0.001 -16"><span class='ocrx_word' id='word_1_74' title='bbox 30 742 101 793; x_wconf 82' lang='lat' dir='ltr'>ndae</span> <span class='ocrx_word' id='word_1_75' title='bbox 115 738 230 804; x_wconf 83' lang='lat' dir='ltr'>habere,</span> <span class='ocrx_word' id='word_1_76' title='bbox 249 749 367 793; x_wconf 76' lang='lat' dir='ltr'>avocato</span> <span class='ocrx_word' id='word_1_77' title='bbox 383 743 488 809; x_wconf 91' lang='lat' dir='ltr'>populo</span> <span class='ocrx_word' id='word_1_78' title='bbox 505 743 539 793; x_wconf 84' lang='lat' dir='ltr'>ab</span> <span class='ocrx_word' id='word_1_79' title='bbox 557 743 651 794; x_wconf 84' lang='lat' dir='ltr'>armis.</span> <span class='ocrx_word' id='word_1_80' title='bbox 688 741 773 794; x_wconf 84' lang='lat' dir='ltr'>Senn-</span> 
     </span>
     <span class='ocr_line' id='line_1_13' title="bbox 41 810 772 874; baseline 0 -13"><span class='ocrx_word' id='word_1_81' title='bbox 41 811 154 862; x_wconf 88' lang='lat' dir='ltr'>interim</span> <span class='ocrx_word' id='word_1_82' title='bbox 169 811 296 862; x_wconf 88' lang='lat' dir='ltr'>consules</span> <span class='ocrx_word' id='word_1_83' title='bbox 312 810 427 874; x_wconf 77' lang='lat' dir='ltr'>liabent,</span> <span class='ocrx_word' id='word_1_84' title='bbox 449 811 505 863; x_wconf 83' lang='lat' dir='ltr'>ulio</span> <span class='ocrx_word' id='word_1_85' title='bbox 520 827 550 862; x_wconf 85' lang='lat' dir='ltr'>se</span> <span class='ocrx_word' id='word_1_86' title='bbox 560 811 667 863; x_wconf 81' lang='lat' dir='ltr'>maiore</span> <span class='ocrx_word' id='word_1_87' title='bbox 677 812 711 862; x_wconf 86' lang='lat' dir='ltr'>ab</span> <span class='ocrx_word' id='word_1_88' title='bbox 723 812 772 863; x_wconf 91' lang='lat' dir='ltr'>tri·</span> 
     </span>
     <span class='ocr_line' id='line_1_14' title="bbox 30 880 772 946; baseline -0.001 -14"><span class='ocrx_word' id='word_1_89' title='bbox 30 881 50 932; x_wconf 87' lang='lat' dir='ltr'>is</span> <span class='ocrx_word' id='word_1_90' title='bbox 61 886 137 932; x_wconf 88' lang='lat' dir='ltr'>metu</span> <span class='ocrx_word' id='word_1_91' title='bbox 148 880 320 943; x_wconf 83' lang='lat' dir='ltr'>ostendente,</span> <span class='ocrx_word' id='word_1_92' title='bbox 332 895 414 946; x_wconf 80' lang='lat' dir='ltr'>quam</span> <span class='ocrx_word' id='word_1_93' title='bbox 427 895 507 946; x_wconf 86' lang='lat' dir='ltr'>quem</span> <span class='ocrx_word' id='word_1_94' title='bbox 518 887 671 932; x_wconf 86' lang='lat' dir='ltr'>nocturnus</span> <span class='ocrx_word' id='word_1_95' title='bbox 681 880 772 933; x_wconf 90' lang='lat' dir='ltr'>hostis</span> 
     </span>
     <span class='ocr_line' id='line_1_15' title="bbox 30 951 112 1002; baseline 0.012 -1"><span class='ocrx_word' id='word_1_96' title='bbox 30 951 112 1002; x_wconf 80' lang='lat' dir='ltr'>leret.</span> 
     </span>
     <span class='ocr_line' id='line_1_16' title="bbox 30 1015 774 1085; baseline -0.004 -14"><span class='ocrx_word' id='word_1_97' title='bbox 30 1017 112 1071; x_wconf 80' lang='lat' dir='ltr'>xvii.</span> <span class='ocrx_word' id='word_1_98' title='bbox 130 1018 283 1085; x_wconf 77' lang='lat' dir='ltr'>Postquam</span> <span class='ocrx_word' id='word_1_99' title='bbox 298 1033 376 1070; x_wconf 83' lang='lat' dir='ltr'>arma</span> <span class='ocrx_word' id='word_1_100' title='bbox 388 1018 469 1085; x_wconf 91' lang='lat' dir='ltr'>poni,</span> <span class='ocrx_word' id='word_1_101' title='bbox 489 1022 518 1070; x_wconf 93' lang='lat' dir='ltr'>et</span> <span class='ocrx_word' id='word_1_102' title='bbox 534 1017 677 1068; x_wconf 83' lang='lat' dir='ltr'>discedere</span> <span class='ocrx_word' id='word_1_103' title='bbox 687 1015 774 1068; x_wconf 91' lang='lat' dir='ltr'>homi-</span> 
     </span>
     <span class='ocr_line' id='line_1_17' title="bbox 30 1078 774 1169; baseline -0.003 -29"><span class='ocrx_word' id='word_1_104' title='bbox 30 1090 66 1140; x_wconf 83' lang='lat' dir='ltr'>ub</span> <span class='ocrx_word' id='word_1_105' title='bbox 76 1089 246 1140; x_wconf 80' lang='lat' dir='ltr'>stationibus</span> <span class='ocrx_word' id='word_1_106' title='bbox 258 1078 415 1140; x_wconf 77' lang='lat' dir='ltr'>nuntiatum</span> <span class='ocrx_word' id='word_1_107' title='bbox 425 1093 476 1150; x_wconf 86' lang='lat' dir='ltr'>est,</span> <span class='ocrx_word' id='word_1_108' title='bbox 496 1087 527 1139; x_wconf 90' lang='lat' dir='ltr'>P.</span> <span class='ocrx_word' id='word_1_109' title='bbox 537 1084 676 1169; x_wconf 66' lang='lat' dir='ltr'>Valerius,</span> <span class='ocrx_word' id='word_1_110' title='bbox 690 1086 774 1139; x_wconf 86' lang='lat' dir='ltr'>colle·</span> 
     </span>
     <span class='ocr_line' id='line_1_18' title="bbox 30 1155 775 1225; baseline -0.003 -15"><span class='ocrx_word' id='word_1_111' title='bbox 30 1164 149 1210; x_wconf 74' lang='lat' dir='ltr'>tenotum</span> <span class='ocrx_word' id='word_1_112' title='bbox 164 1159 317 1220; x_wconf 86' lang='lat' dir='ltr'>retinente,</span> <span class='ocrx_word' id='word_1_113' title='bbox 338 1173 368 1210; x_wconf 87' lang='lat' dir='ltr'>se</span> <span class='ocrx_word' id='word_1_114' title='bbox 386 1172 421 1208; x_wconf 85' lang='lat' dir='ltr'>ex</span> <span class='ocrx_word' id='word_1_115' title='bbox 431 1157 509 1209; x_wconf 75' lang='lat' dir='ltr'>curia</span> <span class='ocrx_word' id='word_1_116' title='bbox 520 1156 654 1225; x_wconf 83' lang='lat' dir='ltr'>proripit,</span> <span class='ocrx_word' id='word_1_117' title='bbox 671 1155 735 1208; x_wconf 84' lang='lat' dir='ltr'>inde</span> <span class='ocrx_word' id='word_1_118' title='bbox 745 1157 775 1208; x_wconf 88' lang='lat' dir='ltr'>in</span> 
     </span>
     <span class='ocr_line' id='line_1_19' title="bbox 30 1225 774 1295; baseline -0.001 -17"><span class='ocrx_word' id='word_1_119' title='bbox 30 1226 106 1295; x_wconf 89' lang='lat' dir='ltr'>plum</span> <span class='ocrx_word' id='word_1_120' title='bbox 117 1226 154 1278; x_wconf 84' lang='lat' dir='ltr'>ad</span> <span class='ocrx_word' id='word_1_121' title='bbox 163 1228 291 1279; x_wconf 87' lang='lat' dir='ltr'>tribunos</span> <span class='ocrx_word' id='word_1_122' title='bbox 301 1229 389 1279; x_wconf 80' lang='lat' dir='ltr'>venit:</span> <span class='ocrx_word' id='word_1_123' title='bbox 414 1225 487 1290; x_wconf 87' lang='lat' dir='ltr'>Quid</span> <span class='ocrx_word' id='word_1_124' title='bbox 495 1226 545 1280; x_wconf 81' lang='lat' dir='ltr'>doe</span> <span class='ocrx_word' id='word_1_125' title='bbox 554 1225 596 1279; x_wconf 84' lang='lat' dir='ltr'>rei</span> <span class='ocrx_word' id='word_1_126' title='bbox 607 1234 656 1290; x_wconf 84' lang='lat' dir='ltr'>est,</span> <span class='ocrx_word' id='word_1_127' title='bbox 675 1226 774 1295; x_wconf 90' lang='lat' dir='ltr'>inquit,</span> 
     </span>
     <span class='ocr_line' id='line_1_20' title="bbox 30 1295 776 1367; baseline -0.001 -19"><span class='ocrx_word' id='word_1_128' title='bbox 30 1296 94 1348; x_wconf 77' lang='lat' dir='ltr'>uni?</span> <span class='ocrx_word' id='word_1_129' title='bbox 113 1295 165 1362; x_wconf 83' lang='lat' dir='ltr'>Ap.</span> <span class='ocrx_word' id='word_1_130' title='bbox 176 1295 310 1349; x_wconf 81' lang='lat' dir='ltr'>Herdonii</span> <span class='ocrx_word' id='word_1_131' title='bbox 320 1297 404 1350; x_wconf 83' lang='lat' dir='ltr'>ductu</span> <span class='ocrx_word' id='word_1_132' title='bbox 414 1305 441 1349; x_wconf 88' lang='lat' dir='ltr'>et</span> <span class='ocrx_word' id='word_1_133' title='bbox 452 1296 573 1367; x_wconf 84' lang='lat' dir='ltr'>auspicio</span> <span class='ocrx_word' id='word_1_134' title='bbox 584 1296 776 1364; x_wconf 81' lang='lat' dir='ltr'>rempublicam</span> 
     </span>
     <span class='ocr_line' id='line_1_21' title="bbox 30 1363 776 1439; baseline -0.001 -21"><span class='ocrx_word' id='word_1_135' title='bbox 30 1366 92 1419; x_wconf 55' lang='lat' dir='ltr'>&#39;suri</span> <span class='ocrx_word' id='word_1_136' title='bbox 100 1365 183 1418; x_wconf 78' lang='lat' dir='ltr'>estis?</span> <span class='ocrx_word' id='word_1_137' title='bbox 199 1365 347 1437; x_wconf 83' lang='lat' dir='ltr'>Tunefelix</span> <span class='ocrx_word' id='word_1_138' title='bbox 356 1367 430 1419; x_wconf 79' lang='lat' dir='ltr'>nobis</span> <span class='ocrx_word' id='word_1_139' title='bbox 440 1366 640 1434; x_wconf 78' lang='lat' dir='ltr'>corrumpendis</span> <span class='ocrx_word' id='word_1_140' title='bbox 645 1365 718 1439; x_wconf 69' lang='lat' dir='ltr'>fhit,</span> <span class='ocrx_word' id='word_1_141' title='bbox 728 1363 776 1435; x_wconf 83' lang='lat' dir='ltr'>qui</span> 
     </span>
     <span class='ocr_line' id='line_1_22' title="bbox 30 1435 773 1500; baseline 0 -14"><span class='ocrx_word' id='word_1_142' title='bbox 30 1435 84 1487; x_wconf 83' lang='lat' dir='ltr'>itia</span> <span class='ocrx_word' id='word_1_143' title='bbox 94 1445 184 1486; x_wconf 84' lang='lat' dir='ltr'>restro</span> <span class='ocrx_word' id='word_1_144' title='bbox 194 1453 246 1486; x_wconf 87' lang='lat' dir='ltr'>non</span> <span class='ocrx_word' id='word_1_145' title='bbox 258 1437 400 1487; x_wconf 74' lang='lat' dir='ltr'>eonsmooit</span> <span class='ocrx_word' id='word_1_146' title='bbox 408 1439 523 1489; x_wconf 78' lang='lat' dir='ltr'>auctor?</span> <span class='ocrx_word' id='word_1_147' title='bbox 535 1435 623 1500; x_wconf 87' lang='lat' dir='ltr'>Quum</span> <span class='ocrx_word' id='word_1_148' title='bbox 632 1435 720 1489; x_wconf 77' lang='lat' dir='ltr'>instes</span> <span class='ocrx_word' id='word_1_149' title='bbox 730 1452 773 1486; x_wconf 88' lang='lat' dir='ltr'>sn-</span> 
     </span>
     <span class='ocr_line' id='line_1_23' title="bbox 34 1503 774 1577; baseline -0.004 -21"><span class='ocrx_word' id='word_1_150' title='bbox 34 1511 118 1572; x_wconf 81' lang='lat' dir='ltr'>ccput</span> <span class='ocrx_word' id='word_1_151' title='bbox 126 1503 190 1566; x_wconf 79' lang='lat' dir='ltr'>sint,</span> <span class='ocrx_word' id='word_1_152' title='bbox 203 1503 303 1554; x_wconf 86' lang='lat' dir='ltr'>discedi</span> <span class='ocrx_word' id='word_1_153' title='bbox 309 1503 441 1567; x_wconf 78' lang='lat' dir='ltr'>diosmis,</span> <span class='ocrx_word' id='word_1_154' title='bbox 453 1507 576 1574; x_wconf 80' lang='lat' dir='ltr'>legesque</span> <span class='ocrx_word' id='word_1_155' title='bbox 581 1504 659 1577; x_wconf 80' lang='lat' dir='ltr'>ferre</span> <span class='ocrx_word' id='word_1_156' title='bbox 663 1506 774 1572; x_wconf 74' lang='lat' dir='ltr'>placet?</span> 
     </span>
     <span class='ocr_line' id='line_1_24' title="bbox 30 1571 773 1635; baseline -0.003 -9"><span class='ocrx_word' id='word_1_157' title='bbox 30 1572 90 1626; x_wconf 72' lang='lat' dir='ltr'>sod</span> <span class='ocrx_word' id='word_1_158' title='bbox 100 1571 309 1623; x_wconf 89' lang='lat' dir='ltr'>multitudinem</span> <span class='ocrx_word' id='word_1_159' title='bbox 327 1573 454 1624; x_wconf 84' lang='lat' dir='ltr'>oratione</span> <span class='ocrx_word' id='word_1_160' title='bbox 470 1589 562 1625; x_wconf 81' lang='lat' dir='ltr'>versu:</span> <span class='ocrx_word' id='word_1_161' title='bbox 586 1574 618 1625; x_wconf 76' lang='lat' dir='ltr'>Si</span> <span class='ocrx_word' id='word_1_162' title='bbox 631 1590 677 1628; x_wconf 83' lang='lat' dir='ltr'>sos</span> <span class='ocrx_word' id='word_1_163' title='bbox 688 1572 773 1635; x_wconf 84' lang='lat' dir='ltr'>urbis,</span> 
     </span>
     <span class='ocr_line' id='line_1_25' title="bbox 30 1640 775 1713; baseline 0 -19"><span class='ocrx_word' id='word_1_164' title='bbox 30 1642 112 1706; x_wconf 73' lang='lat' dir='ltr'>Trites,</span> <span class='ocrx_word' id='word_1_165' title='bbox 131 1640 248 1693; x_wconf 77' lang='lat' dir='ltr'>sivestri</span> <span class='ocrx_word' id='word_1_166' title='bbox 257 1645 332 1694; x_wconf 83' lang='lat' dir='ltr'>nullo</span> <span class='ocrx_word' id='word_1_167' title='bbox 343 1660 410 1695; x_wconf 84' lang='lat' dir='ltr'>curn</span> <span class='ocrx_word' id='word_1_168' title='bbox 420 1643 514 1713; x_wconf 80' lang='lat' dir='ltr'>tangit</span> <span class='ocrx_word' id='word_1_169' title='bbox 521 1660 532 1705; x_wconf 91' lang='lat'><em>;</em></span> <span class='ocrx_word' id='word_1_170' title='bbox 553 1651 583 1696; x_wconf 88' lang='lat' dir='ltr'>at</span> <span class='ocrx_word' id='word_1_171' title='bbox 592 1659 637 1694; x_wconf 87' lang='lat' dir='ltr'>oos</span> <span class='ocrx_word' id='word_1_172' title='bbox 646 1641 775 1696; x_wconf 83' lang='lat' dir='ltr'>veremini</span> 
     </span>
     <span class='ocr_line' id='line_1_26' title="bbox 30 1710 776 1780; baseline 0.004 -20"><span class='ocrx_word' id='word_1_173' title='bbox 30 1722 152 1774; x_wconf 68' lang='lat' dir='ltr'>unestros,</span> <span class='ocrx_word' id='word_1_174' title='bbox 163 1711 197 1763; x_wconf 81' lang='lat' dir='ltr'>od</span> <span class='ocrx_word' id='word_1_175' title='bbox 207 1710 327 1763; x_wconf 78' lang='lat' dir='ltr'>dontibus</span> <span class='ocrx_word' id='word_1_176' title='bbox 339 1720 442 1780; x_wconf 83' lang='lat' dir='ltr'>coptos.</span> <span class='ocrx_word' id='word_1_177' title='bbox 478 1713 585 1778; x_wconf 85' lang='lat' dir='ltr'>Iupiter</span> <span class='ocrx_word' id='word_1_178' title='bbox 596 1713 711 1780; x_wconf 79' lang='lat' dir='ltr'>optimus</span> <span class='ocrx_word' id='word_1_179' title='bbox 719 1728 776 1764; x_wconf 87' lang='lat' dir='ltr'>ma-</span> 
     </span>
     <span class='ocr_line' id='line_1_27' title="bbox 30 1779 777 1850; baseline -0.005 -16"><span class='ocrx_word' id='word_1_180' title='bbox 30 1798 72 1845; x_wconf 87' lang='lat' dir='ltr'>ns,</span> <span class='ocrx_word' id='word_1_181' title='bbox 85 1782 153 1835; x_wconf 84' lang='lat' dir='ltr'>luno</span> <span class='ocrx_word' id='word_1_182' title='bbox 164 1781 270 1850; x_wconf 83' lang='lat' dir='ltr'>regina,</span> <span class='ocrx_word' id='word_1_183' title='bbox 289 1791 314 1832; x_wconf 84' lang='lat' dir='ltr'>ee</span> <span class='ocrx_word' id='word_1_184' title='bbox 327 1780 462 1841; x_wconf 84' lang='lat' dir='ltr'>Minerua,</span> <span class='ocrx_word' id='word_1_185' title='bbox 473 1780 523 1832; x_wconf 84' lang='lat' dir='ltr'>alii</span> <span class='ocrx_word' id='word_1_186' title='bbox 534 1780 573 1831; x_wconf 90' lang='lat' dir='ltr'>dii</span> <span class='ocrx_word' id='word_1_187' title='bbox 583 1782 698 1846; x_wconf 78' lang='lat' dir='ltr'>deaeque</span> <span class='ocrx_word' id='word_1_188' title='bbox 710 1779 777 1831; x_wconf 85' lang='lat' dir='ltr'>odsi-</span> 
     </span>
     <span class='ocr_line' id='line_1_28' title="bbox 30 1849 778 1916; baseline -0.004 -13"><span class='ocrx_word' id='word_1_189' title='bbox 30 1860 84 1903; x_wconf 66' lang='lat' dir='ltr'>rur:</span> <span class='ocrx_word' id='word_1_190' title='bbox 104 1860 196 1904; x_wconf 82' lang='lat' dir='ltr'>eastra</span> <span class='ocrx_word' id='word_1_191' title='bbox 209 1866 347 1902; x_wconf 84' lang='lat' dir='ltr'>serrorum</span> <span class='ocrx_word' id='word_1_192' title='bbox 357 1849 481 1915; x_wconf 80' lang='lat' dir='ltr'>publicos</span> <span class='ocrx_word' id='word_1_193' title='bbox 498 1857 600 1900; x_wconf 81' lang='lat' dir='ltr'>nestros</span> <span class='ocrx_word' id='word_1_194' title='bbox 610 1856 725 1916; x_wconf 85' lang='lat' dir='ltr'>penates</span> <span class='ocrx_word' id='word_1_195' title='bbox 740 1857 778 1900; x_wconf 90' lang='lat' dir='ltr'>te·</span> 
     </span>
     <span class='ocr_line' id='line_1_29' title="bbox 30 1915 778 1991; baseline -0.001 -20"><span class='ocrx_word' id='word_1_196' title='bbox 30 1929 46 1973; x_wconf 77' lang='lat' dir='ltr'>l.</span> <span class='ocrx_word' id='word_1_197' title='bbox 71 1919 147 1973; x_wconf 87' lang='lat' dir='ltr'>Haec</span> <span class='ocrx_word' id='word_1_198' title='bbox 157 1919 230 1972; x_wconf 81' lang='lat' dir='ltr'>vodis</span> <span class='ocrx_word' id='word_1_199' title='bbox 236 1920 332 1991; x_wconf 82' lang='lat' dir='ltr'>forma</span> <span class='ocrx_word' id='word_1_200' title='bbox 343 1934 426 1971; x_wconf 81' lang='lat' dir='ltr'>sanae</span> <span class='ocrx_word' id='word_1_201' title='bbox 435 1917 556 1971; x_wconf 81' lang='lat' dir='ltr'>ciuitatis</span> <span class='ocrx_word' id='word_1_202' title='bbox 567 1917 692 1970; x_wconf 77' lang='lat' dir='ltr'>videtur?</span> <span class='ocrx_word' id='word_1_203' title='bbox 706 1915 778 1970; x_wconf 87' lang='lat' dir='ltr'>Tan-</span> 
     </span>
     <span class='ocr_line' id='line_1_30' title="bbox 40 1986 779 2051; baseline -0.001 -10"><span class='ocrx_word' id='word_1_204' title='bbox 40 1988 156 2043; x_wconf 81' lang='lat' dir='ltr'>isostium</span> <span class='ocrx_word' id='word_1_205' title='bbox 165 2007 218 2042; x_wconf 75' lang='lat' dir='ltr'>ison</span> <span class='ocrx_word' id='word_1_206' title='bbox 229 1991 312 2041; x_wconf 72' lang='lat' dir='ltr'>solium</span> <span class='ocrx_word' id='word_1_207' title='bbox 321 1988 397 2041; x_wconf 84' lang='lat' dir='ltr'>intro</span> <span class='ocrx_word' id='word_1_208' title='bbox 407 2003 497 2041; x_wconf 87' lang='lat' dir='ltr'>muros</span> <span class='ocrx_word' id='word_1_209' title='bbox 508 1997 557 2051; x_wconf 88' lang='lat' dir='ltr'>est,</span> <span class='ocrx_word' id='word_1_210' title='bbox 567 1988 614 2040; x_wconf 89' lang='lat' dir='ltr'>sed</span> <span class='ocrx_word' id='word_1_211' title='bbox 621 1986 650 2041; x_wconf 89' lang='lat' dir='ltr'>in</span> <span class='ocrx_word' id='word_1_212' title='bbox 661 2004 725 2042; x_wconf 81' lang='lat' dir='ltr'>arce</span> <span class='ocrx_word' id='word_1_213' title='bbox 736 2005 779 2041; x_wconf 86' lang='lat' dir='ltr'>su·</span> 
     </span>
     <span class='ocr_line' id='line_1_31' title="bbox 30 2056 779 2132; baseline -0.004 -20"><span class='ocrx_word' id='word_1_214' title='bbox 30 2059 125 2132; x_wconf 82' lang='lat' dir='ltr'>forum</span> <span class='ocrx_word' id='word_1_215' title='bbox 136 2059 301 2127; x_wconf 75' lang='lat' dir='ltr'>curiamque.</span> <span class='ocrx_word' id='word_1_216' title='bbox 341 2056 458 2111; x_wconf 79' lang='lat' dir='ltr'>Comitia</span> <span class='ocrx_word' id='word_1_217' title='bbox 467 2057 577 2111; x_wconf 85' lang='lat' dir='ltr'>interim</span> <span class='ocrx_word' id='word_1_218' title='bbox 587 2057 616 2112; x_wconf 90' lang='lat' dir='ltr'>in</span> <span class='ocrx_word' id='word_1_219' title='bbox 619 2059 688 2129; x_wconf 85' lang='lat' dir='ltr'>foro</span> <span class='ocrx_word' id='word_1_220' title='bbox 699 2064 779 2113; x_wconf 80' lang='lat' dir='ltr'>sunt.-</span> 
     </span>
     <span class='ocr_line' id='line_1_32' title="bbox 30 2128 780 2197; baseline 0 -17"><span class='ocrx_word' id='word_1_221' title='bbox 30 2138 83 2180; x_wconf 83' lang='lat' dir='ltr'>stus</span> <span class='ocrx_word' id='word_1_222' title='bbox 92 2128 121 2182; x_wconf 87' lang='lat' dir='ltr'>in</span> <span class='ocrx_word' id='word_1_223' title='bbox 131 2129 209 2182; x_wconf 69' lang='lat' dir='ltr'>cuma</span> <span class='ocrx_word' id='word_1_224' title='bbox 221 2138 274 2179; x_wconf 84' lang='lat' dir='ltr'>est:</span> <span class='ocrx_word' id='word_1_225' title='bbox 294 2129 369 2180; x_wconf 81' lang='lat' dir='ltr'>velut</span> <span class='ocrx_word' id='word_1_226' title='bbox 380 2144 460 2194; x_wconf 81' lang='lat' dir='ltr'>quum</span> <span class='ocrx_word' id='word_1_227' title='bbox 471 2128 556 2181; x_wconf 87' lang='lat' dir='ltr'>otium</span> <span class='ocrx_word' id='word_1_228' title='bbox 566 2139 688 2197; x_wconf 85' lang='lat' dir='ltr'>superat,</span> <span class='ocrx_word' id='word_1_229' title='bbox 703 2145 780 2181; x_wconf 89' lang='lat' dir='ltr'>senu-</span> 
     </span>
     <span class='ocr_line' id='line_1_33' title="bbox 30 2196 780 2269; baseline -0.007 -19"><span class='ocrx_word' id='word_1_230' title='bbox 30 2199 192 2253; x_wconf 84' lang='lat' dir='ltr'>sententiam</span> <span class='ocrx_word' id='word_1_231' title='bbox 203 2197 285 2249; x_wconf 86' lang='lat' dir='ltr'>dicit:</span> <span class='ocrx_word' id='word_1_232' title='bbox 303 2197 354 2249; x_wconf 86' lang='lat' dir='ltr'>olii</span> <span class='ocrx_word' id='word_1_233' title='bbox 366 2196 487 2262; x_wconf 82' lang='lat' dir='ltr'>Quirites</span> <span class='ocrx_word' id='word_1_234' title='bbox 502 2197 668 2269; x_wconf 81' lang='lat' dir='ltr'>suffragium</span> <span class='ocrx_word' id='word_1_235' title='bbox 678 2198 780 2251; x_wconf 80' lang='lat' dir='ltr'>ineunt.</span> 
     </span>
     <span class='ocr_line' id='line_1_34' title="bbox 30 2265 780 2336; baseline -0.008 -15"><span class='ocrx_word' id='word_1_236' title='bbox 30 2285 54 2330; x_wconf 83' lang='lat' dir='ltr'>r,</span> <span class='ocrx_word' id='word_1_237' title='bbox 74 2267 202 2336; x_wconf 75' lang='lat' dir='ltr'>quiequid</span> <span class='ocrx_word' id='word_1_238' title='bbox 210 2266 326 2319; x_wconf 80' lang='lat' dir='ltr'>Petrum</span> <span class='ocrx_word' id='word_1_239' title='bbox 332 2266 469 2336; x_wconf 83' lang='lat' dir='ltr'>plebisque</span> <span class='ocrx_word' id='word_1_240' title='bbox 480 2278 526 2331; x_wconf 79' lang='lat' dir='ltr'>est,</span> <span class='ocrx_word' id='word_1_241' title='bbox 548 2271 675 2329; x_wconf 84' lang='lat' dir='ltr'>consules,</span> <span class='ocrx_word' id='word_1_242' title='bbox 694 2265 780 2316; x_wconf 79' lang='lat' dir='ltr'>tridu-</span> 
     </span>
     <span class='ocr_line' id='line_1_35' title="bbox 30 2333 782 2407; baseline -0.001 -20"><span class='ocrx_word' id='word_1_243' title='bbox 30 2374 35 2399; x_wconf 89' lang='lat'>,</span> <span class='ocrx_word' id='word_1_244' title='bbox 55 2336 129 2400; x_wconf 87' lang='lat' dir='ltr'>deos,</span> <span class='ocrx_word' id='word_1_245' title='bbox 149 2337 318 2404; x_wconf 77' lang='lat' dir='ltr'>hominesque</span> <span class='ocrx_word' id='word_1_246' title='bbox 328 2345 546 2390; x_wconf 83' lang='lat' dir='ltr'>omnesormutos</span> <span class='ocrx_word' id='word_1_247' title='bbox 557 2335 736 2407; x_wconf 79' lang='lat' dir='ltr'>opemferre,</span> <span class='ocrx_word' id='word_1_248' title='bbox 751 2333 782 2386; x_wconf 88' lang='lat' dir='ltr'>in</span> 
     </span>
     <span class='ocr_line' id='line_1_36' title="bbox 30 2399 782 2473; baseline -0.004 -16"><span class='ocrx_word' id='word_1_249' title='bbox 30 2406 141 2459; x_wconf 79' lang='lat' dir='ltr'>dtoiium</span> <span class='ocrx_word' id='word_1_250' title='bbox 152 2422 270 2469; x_wconf 86' lang='lat' dir='ltr'>currere,</span> <span class='ocrx_word' id='word_1_251' title='bbox 281 2406 397 2458; x_wconf 85' lang='lat' dir='ltr'>liberare</span> <span class='ocrx_word' id='word_1_252' title='bbox 407 2423 440 2460; x_wconf 81' lang='lat' dir='ltr'>ac</span> <span class='ocrx_word' id='word_1_253' title='bbox 447 2422 550 2473; x_wconf 83' lang='lat' dir='ltr'>pacare</span> <span class='ocrx_word' id='word_1_254' title='bbox 561 2399 782 2472; x_wconf 74' lang='lat' dir='ltr'>augustissimam</span> 
     </span>
     <span class='ocr_line' id='line_1_37' title="bbox 30 2471 782 2543; baseline -0.011 -14"><span class='ocrx_word' id='word_1_255' title='bbox 30 2491 51 2529; x_wconf 77' lang='lat' dir='ltr'>rs</span> <span class='ocrx_word' id='word_1_256' title='bbox 64 2476 168 2528; x_wconf 88' lang='lat' dir='ltr'>domum</span> <span class='ocrx_word' id='word_1_257' title='bbox 179 2475 251 2527; x_wconf 84' lang='lat' dir='ltr'>louis</span> <span class='ocrx_word' id='word_1_258' title='bbox 263 2474 360 2543; x_wconf 86' lang='lat' dir='ltr'>optimi</span> <span class='ocrx_word' id='word_1_259' title='bbox 371 2475 483 2528; x_wconf 76' lang='lat' dir='ltr'>maximi</span> <span class='ocrx_word' id='word_1_260' title='bbox 495 2471 601 2525; x_wconf 84' lang='lat' dir='ltr'>decuit?</span> <span class='ocrx_word' id='word_1_261' title='bbox 611 2471 724 2523; x_wconf 83' lang='lat' dir='ltr'>Romule</span> <span class='ocrx_word' id='word_1_262' title='bbox 734 2487 782 2536; x_wconf 82' lang='lat' dir='ltr'>pn·</span> 
     </span>
     <span class='ocr_line' id='line_1_38' title="bbox 46 2537 804 2615; baseline -0.016 -19"><span class='ocrx_word' id='word_1_263' title='bbox 46 2552 78 2597; x_wconf 79' lang='lat' dir='ltr'>tu</span> <span class='ocrx_word' id='word_1_264' title='bbox 87 2553 296 2610; x_wconf 74' lang='lat' dir='ltr'>menteneruam,</span> <span class='ocrx_word' id='word_1_265' title='bbox 318 2559 370 2614; x_wconf 81' lang='lat' dir='ltr'>quo</span> <span class='ocrx_word' id='word_1_266' title='bbox 381 2544 515 2615; x_wconf 76' lang='lat' dir='ltr'>quondum</span> <span class='ocrx_word' id='word_1_267' title='bbox 526 2556 635 2603; x_wconf 69' lang='lat' dir='ltr'>urcem,</span> <span class='ocrx_word' id='word_1_268' title='bbox 652 2539 687 2593; x_wconf 76' lang='lat' dir='ltr'>ub</span> <span class='ocrx_word' id='word_1_269' title='bbox 693 2537 804 2604; x_wconf 58' lang='lat' dir='ltr'>uisus·</span> 
     </span>
    </p>
   </div>
   <div class='ocr_carea' id='block_1_3' title="bbox 0 0 934 2978">
    <p class='ocr_par' dir='ltr' id='par_1_3' title="bbox 0 0 934 2978">
     <span class='ocr_line' id='line_1_39' title="bbox 0 0 934 2978; baseline 0 0"><span class='ocrx_word' id='word_1_270' title='bbox 0 0 934 2978; x_wconf 95' lang='lat' dir='ltr'> </span> 
     </span>
    </p>
   </div>
  </div>
 </body>
</html>
