1860 2978
10 39 31 133 Ι
109 107 185 162 Len.
194 104 245 160 1v.
260 108 333 161 cnr.
345 107 388 162 58.
399 106 442 161 59.
461 107 542 176 [U.C.
552 107 611 176 349.
628 107 661 159 A.
673 109 702 159 C.
713 107 784 173 lod]
820 106 872 159 203

67 213 237 282 giraverunt,
248 212 326 263 nullu
331 214 436 264 virtute
442 214 570 279 superari
580 211 760 263 humanorum
772 214 874 262 ririnm

68 282 192 335 modurn.
221 281 380 333 Fortissimi
391 282 495 333 milites
507 298 560 332 nen
572 288 673 343 tamen,
685 298 736 333 nee
746 282 810 345 rivi,
823 298 874 332 nee

67 356 269 421 postmortem,
281 352 362 402 inulti
374 352 459 402 fuere.
483 351 641 418 Insequenti
652 367 733 413 anno,
744 351 773 402 P.
786 358 814 402 et
825 352 873 402 Cn.

68 422 207 475 Corneliis
219 422 322 483 Cossis,
342 421 376 472 N.
387 421 475 472 Fabio
487 422 630 483 Ambusto,
651 421 683 472 L.
694 421 810 472 Valerio
822 420 873 471 Pe-

67 492 131 555 tito,
142 491 259 542 tribunis
270 491 391 542 militum
398 491 538 542 consulari
547 496 696 557 potestate,
709 487 807 542 Veiens
817 492 874 542 bel·

67 562 128 613 lum
142 569 249 612 motum
264 562 299 611 eb
316 561 464 628 superbum
482 576 644 627 responsum
655 560 781 612 Veientis
796 577 874 614 sena·

68 638 130 694 tus3
151 627 200 696 qui
210 630 312 696 legatis
324 631 514 698 repetentibus
525 646 578 693 res,
591 630 620 680 ni
630 630 801 682 lacesserent
811 645 874 698 pro·

68 715 135 768 pere
145 701 214 753 urbe
224 700 389 766 finibusque,
409 699 532 763 daturos,
543 699 618 766 quod
628 700 699 752 Lnrs
709 701 874 752 Tolumnius

69 769 208 831 dedisset,
224 769 391 839 responderi
410 770 502 822 iussit.
538 769 571 820 ld
587 769 684 823 Patres
700 785 783 837 aegre
798 770 875 838 passi

69 839 227 902 deerevere,
237 844 270 889 ut
280 839 387 892 tribuni
397 839 520 889 militum
532 839 652 892 debello
664 840 810 894 indicendo
820 839 874 892 Ve-

10 898 22 917 '
65 908 191 960 lentibus
200 909 289 976 primo
301 924 409 976 quoque
420 908 464 959 die
476 908 511 960 od
523 910 655 974 populum
665 908 780 962 ferrent.
792 909 876 972 Quod

67 978 118 1030 ubi
127 977 217 1045 primo
227 979 434 1045 promulgatum
446 984 497 1040 est,
508 977 628 1031 fremere
638 979 782 1041 iuventus,
801 979 875 1034 Nert-

66 1048 132 1101 dum
143 1047 304 1102 debellatum
313 1065 374 1102 cunr
391 1045 490 1100 Volscis
502 1064 571 1099 esee.-
587 1049 662 1099 modo
673 1048 724 1100 clue
726 1048 874 1124 praesidia

68 1116 206 1172 occidione
216 1118 311 1181 occire,
327 1127 353 1170 et
363 1133 424 1171 com
434 1117 555 1184 periculo
566 1116 689 1170 retineri.
706 1116 819 1169 nollem
828 1134 876 1170 err·

66 1202 204 1250 numme,
225 1202 340 1253 poe-nere
350 1187 408 1240 orie
421 1187 577 1239 dinticetur:
598 1197 633 1249 et,
650 1185 877 1255 tanquampeeni·

67 1264 130 1309 teat
140 1256 249 1320 laboris,
261 1272 358 1309 nevum
369 1257 465 1311 bellent
476 1273 536 1309 com
545 1255 668 1326 finitimo
680 1258 782 1324 popule
794 1266 821 1309 et
827 1272 876 1325 po-

67 1325 218 1379 tentissimo
226 1326 332 1394 pecori,
354 1326 401 1392 poi
411 1343 513 1378 omnem
523 1326 670 1379 Etruriam
679 1326 716 1377 eit
727 1325 877 1380 conciteto-

66 1411 126 1449 ηε.
143 1395 224 1446 Ilaec
235 1409 286 1446 sua
296 1401 393 1461 sponte
403 1397 518 1463 agitata.
544 1396 660 1463 Insuper
671 1395 776 1448 tribuni
787 1395 876 1462 plebis

67 1463 234 1517 accendunt.
261 1461 414 1518 Maximum
425 1464 523 1518 bellum
533 1465 666 1518 Petriloe
679 1482 739 1520 cum
748 1466 827 1535 plebe
839 1482 877 1519 et·

68 1552 97 1588 ee
109 1533 252 1586 dictitent:
273 1550 333 1587 eam
348 1535 378 1588 de
393 1534 528 1589 industria
543 1537 694 1591 vexandam
704 1535 806 1591 militia
820 1547 878 1590 tru-

68 1603 261 1673 cidandamque
276 1603 396 1658 hostiles
412 1605 508 1658 obiici:
529 1623 588 1659 eam
598 1609 696 1675 procul
707 1604 878 1661 urbelraderr

68 1673 295 1743 etque-ablegari,
315 1691 349 1728 ne
367 1674 437 1727 domi
452 1691 503 1743 per
519 1676 604 1728 otium
618 1692 719 1729 memor
740 1675 879 1729 libertatis

67 1742 300 1813 coloniarumque,
320 1744 570 1815 entagripellici‚
591 1744 878 1815 autrnffregr'ililere

62 1814 179 1891 ferendi
190 1814 303 1868 eoncilia
313 1814 416 1883 agitet.-
433 1820 655 1933 prensantesque
663 1825 819 1876 veteranos,
829 1815 880 1864 sti-

68 1883 174 1953 pendia
193 1887 327 1951 cuiusque
349 1889 378 1934 et
396 1899 433 1934 vu
446 1897 513 1934 nere
531 1897 565 1934 ae
586 1883 733 1934 cicatrices
751 1897 879 1934 numera-

68 1957 152 2007 bant:
173 1952 239 2021 quid
257 1954 312 2007 iam
328 1951 430 2022 integri
446 1968 500 2004 eree
514 1949 545 2004 in
560 1966 673 2018 corpore
693 1950 745 2003 loci
758 1952 796 2003 ed
808 1967 879 2005 noea

68 2025 183 2077 vulnera
203 2022 380 2091 accipiendo?
397 2021 463 2091 quid
480 2036 561 2088 super
579 2020 730 2092 sanguinis,
751 2020 797 2088 qui
817 2020 880 2073 dari

64 2109 121 2164 pro
131 2092 269 2161 republica
279 2092 390 2160 portet?
405 2090 571 2158 rogitantes.
598 2091 679 2143 Hace
690 2107 773 2161 quum
783 2091 812 2143 in
823 2104 879 2144 ser·

68 2163 199 2214 monibus
211 2162 443 2228 concionibusque
458 2161 598 2214 interdum
610 2161 751 2228 agitantes
762 2162 878 2215 evertis·

69 2238 134 2285 sent
150 2233 259 2299 plebem
271 2231 305 2282 ab
316 2231 492 2298 suscipiendo
504 2230 595 2294 bello,
612 2230 754 2299 profertur
769 2239 878 2298 tempus

68 2301 208 2354 ferundae
218 2302 303 2369 legis:
326 2316 416 2368 quom,
431 2301 456 2352 si
466 2300 592 2354 subiecta
602 2300 725 2356 invidiae
736 2307 819 2363 esset,
832 2316 879 2352 an·

68 2368 176 2437 tiquari
186 2371 347 2437 apparebat.
622 2422 631 2429 ,

123 2438 197 2490 LIX.
216 2440 328 2492 Interim
340 2438 593 2491 tribunosmilitum
602 2437 878 2504 anolseumegrum

71 2509 176 2562 ducere
193 2509 344 2561 exereitum
359 2510 475 2576 placuit.
512 2510 560 2561 Cn.
578 2508 722 2561 Cornelius
737 2520 808 2557 unus
823 2505 878 2558 Ro·

10 2590 12 2597 ·
70 2594 135 2632 mae
145 2577 270 2630 relictus.
306 2580 376 2631 Tres
386 2578 500 2641 tribuni,
510 2586 657 2645 postquam
668 2576 745 2628 nullo
757 2576 822 2630 loeo
833 2591 881 2629 ee·

73 2653 134 2701 stra
142 2647 309 2701 Volscorum
321 2664 389 2713 esse,
399 2666 450 2701 nec
462 2648 663 2701 commitsuros
673 2647 833 2715 septumo
840 2660 900 2707 w,

72 2718 181 2788 paruit,
200 2719 344 2790 tripertito
364 2719 620 2807 sdldersstendes
637 2718 716 2774 lines
737 2708 873 2769 disum
