1860 2978
61 154 200 208 maur.
218 156 365 210 eruas.
385 155 540 225 [καφ.
554 155 583 206 Α.
596 155 707 223 euos]
743 153 792 207 155

30 263 52 304 nr
71 249 193 301 obsessis
210 249 294 300 sociis
314 248 427 305 ferrent,
448 250 595 301 condunato
608 253 730 302 exercitu
741 254 794 305 llo·

30 333 68 369 cm
77 325 204 385 pergunt.
241 319 295 368 Ubi
305 334 387 384 quum
398 317 491 369 hostes
502 335 557 369 non
567 321 744 379 invenissent,
754 337 800 372 se

30 387 54 439 ti
68 388 169 439 famam
187 404 220 439 ac
234 388 365 453 vestigia,
387 388 463 437 obvii
483 388 553 438 fiunt
568 389 796 442 descendentibus

41 457 201 507 'l'usculano
212 459 241 507 in
251 459 383 507 Albanam
395 457 505 508 uallem.
534 458 576 507 lbi
586 457 797 525 haudquaquam

30 541 83 592 quo
95 527 204 591 proelio
217 533 367 593 pugnatum
381 533 436 590 est,
457 527 580 592 fidesque
591 543 642 578 sua
655 529 740 579 sociis
750 544 797 595 pn·

30 611 56 645 m
69 594 139 647 felix
149 596 178 645 in
189 597 346 662 praesentia
355 595 419 647 fuit.
455 596 539 647 Haud
549 597 640 647 minor
650 597 754 649 Romae
766 598 799 647 lit

30 665 94 717 orbo
110 671 232 732 strages,
255 680 336 731 quam
352 670 456 731 quanta
470 665 545 717 ferro
560 667 700 717 sociorum
721 666 799 719 iacta

30 740 66 787 nt.
93 734 206 796 consul,
218 735 264 800 qui
274 750 342 784 nnus
353 743 507 800 supererat,
517 736 645 786 moritur:
657 738 759 787 mortui
769 743 800 788 et

30 802 133 855 iiclari
142 803 205 865 riri,
218 803 257 855 M.
270 803 407 865 Valerius,
423 806 456 855 Τ.
468 803 611 870 Virginius
622 804 740 867 Rutilus,
752 821 800 856 au·

30 887 96 937 lres3
107 871 167 925 Ser.
179 872 326 938 Sulpicius,
339 874 415 924 curio
427 875 573 925 maximus.
594 874 631 923 Et
641 889 690 939 per
700 875 800 941 ignota

30 943 91 1009 pita
105 940 165 993 late
176 950 294 1009 evagata
305 950 348 994 est
359 942 401 993 vis
415 944 519 994 morbi:
539 944 671 1009 inopsque
686 950 799 995 senatus

30 1011 97 1063 uxilii
108 1009 231 1073 humani,
242 1012 277 1063 ad
289 1012 356 1063 deos
368 1012 499 1077 populum
511 1019 620 1062 assota
628 1014 724 1063 vertit.
744 1014 801 1063 lus·

33 1096 97 1133 eum
107 1081 270 1147 coniugibus
282 1097 315 1132 ae
325 1081 421 1133 liberis
433 1082 618 1146 supplicatum
628 1081 678 1141 irc,
694 1096 801 1146 pacem·

30 1165 51 1203 le
62 1165 215 1216 exposcere
225 1151 314 1202 deum.
332 1150 375 1202 Ad
385 1150 424 1212 id,
435 1150 508 1215 quod
519 1166 571 1201 sua
580 1165 715 1216 quemque.
726 1150 801 1201 mala

31 1220 146 1287 gabant,
157 1222 325 1271 auctoritate
333 1220 445 1286 publica
454 1219 571 1280 evocati,
584 1220 676 1270 omnia
686 1218 801 1270 delubra

30 1289 131 1356 lplent:
142 1295 249 1342 stratae
260 1290 363 1355 passim
374 1295 486 1350 matres,
498 1288 618 1340 crinibus
628 1288 733 1355 templa
742 1304 802 1341 ver·

30 1359 219 1421 messaniam
231 1361 335 1411 irarum
346 1359 516 1422 coelestium,
528 1358 665 1425 finemque
675 1358 747 1425 pesti
757 1372 802 1411 es-

36 1434 127 1481 scunt.

37 1496 187 1553 Vlll.1nde
198 1501 353 1567 paullatim,
365 1517 487 1569 seupacc
495 1501 574 1553 deum
584 1500 741 1566 impetrata,
751 1513 801 1551 seu

43 1568 130 1621 ssione
150 1575 277 1634 tempore
297 1574 360 1620 anni
381 1574 436 1621 iam
461 1572 643 1631 circumacto,
669 1569 802 1621 defuncta

48 1637 105 1691 ubis
120 1652 240 1706 corpora
253 1639 412 1692 salubriora
432 1654 492 1692 esse
504 1640 639 1706 incipere:
661 1639 802 1704 versisque

54 1707 101 1759 nis
112 1707 169 1757 iam
178 1706 215 1759 ad
224 1709 363 1774 publicam
376 1724 483 1770 curam,
503 1724 585 1774 quum
597 1708 704 1774 aliquot
718 1708 802 1759 inter·

59 1791 89 1829 sa
98 1774 228 1838 exissent,
239 1776 269 1827 P.
275 1776 405 1829 Valerius
410 1777 556 1828 Publicola
561 1778 648 1829 tertio
657 1777 709 1838 die,
720 1789 801 1842 quam

64 1859 190 1912 rregnum
207 1846 322 1910 inierat,
342 1846 470 1901 consules
492 1851 569 1896 creat
587 1846 620 1895 L.
640 1845 801 1895 Lucretium

69 1914 197 1982 ipitioum
208 1920 237 1967 et
247 1917 281 1968 T.
292 1915 439 1967 Veturium
451 1914 611 1974 Geminum3
622 1913 681 1963 slrc
690 1913 739 1961 illc
750 1909 804 1961 Ve-

76 2000 91 2035 s
101 1982 165 2036 tuit.
200 1987 272 2037 Ante
287 1985 362 2037 diem
377 1984 491 2035 tertium
502 1981 566 2031 ldus
577 1980 695 2031 Sextiles
707 1994 803 2030 eonsu-

79 2068 89 2103 ι
99 2052 203 2116 meunt,
221 2054 279 2106 lam
289 2054 358 2106 satis
368 2052 463 2104 valida
474 2050 596 2112 cisitate,
607 2055 638 2101 ut
648 2064 703 2101 non
712 2048 803 2099 solum

84 2120 222 2184 ebelIum,
234 2123 283 2175 scd
293 2124 368 2175 ultro
381 2124 466 2174 etiam
476 2118 581 2171 inferre
592 2125 695 2186 posset.
713 2118 804 2187 lgitur

89 2191 192 2243 intibus
203 2192 339 2256 Hernicis,
350 2193 379 2242 in
389 2192 458 2243 fines
468 2204 532 2241 suos
543 2190 746 2242 transcendisse
756 2187 804 2241 bo·

95 2261 203 2327 mpigre
214 2263 378 2327 promissum
390 2260 533 2313 auxilium.
569 2259 633 2311 Ilno
646 2259 804 2311 ccsnsnlares

99 2336 141 2381 tus
152 2330 257 2395 scripti.
281 2330 415 2382 Veturius
425 2330 524 2379 missus
533 2329 562 2379 in
572 2328 691 2380 Volscos
702 2331 738 2380 ad
748 2326 805 2379 bel-

104 2404 146 2451 lso
156 2398 337 2451 infesendum.
374 2399 565 2465 Tricipitinus,
576 2396 805 2464 populationibus

108 2467 129 2518 is
140 2469 280 2519 sociorum
292 2482 360 2534 agro
372 2469 529 2534 oppositus,
549 2483 604 2517 non
613 2467 700 2525 ultra,
722 2476 804 2527 quam

115 2538 193 2597 dces,
214 2538 349 2601 procedit.
387 2537 521 2588 Veturius
537 2537 625 2602 primo
637 2530 745 2599 proelio
756 2528 804 2583 ho·

120 2606 168 2656 ulit
179 2606 321 2672 fugatque.
358 2607 534 2664 lmcretinm,
555 2604 621 2653 dum
635 2603 666 2653 io
673 2599 805 2653 Hernicis

125 2675 271 2727 ==acuonum
282 2690 380 2744 agmen
391 2674 504 2739 fefellit,
513 2668 824 2741 supramonieslxac·
