1860 2978
57 112 109 170 124
209 113 243 165 Τ.
261 106 366 163 L1v11
384 111 430 178 [U.
443 112 473 163 G.
483 110 625 175 274.A..c.
635 109 708 179 478]

57 236 122 276 num
130 219 242 273 militem
251 216 332 285 sequi.
355 215 486 269 Proximo
497 216 601 268 bellois
611 216 672 284 ipsu
683 216 748 280 aeis,

59 289 345 351 testamenmentum
356 285 491 339 exereitus
502 284 713 338 traditamultro
720 285 748 337 oi

59 358 139 411 sistis
148 356 262 426 Aequis:
279 357 359 427 signa
369 357 483 419 deserta,
494 356 683 425 imperatorem
692 356 722 408 in
731 372 748 407 a

60 426 532 491 ctumisinnutncasnsretitnm.
552 426 694 508 Profecto,
704 425 748 477 sii

60 512 109 550 suo
118 496 205 550 milite
218 496 290 550 sinet
299 495 413 551 Romam
422 506 510 564 potes.
546 494 624 548 Nilei
637 495 715 547 oliui
722 512 748 562 op

61 565 519 633 qmindioiostsndiquebsllums
536 573 689 617 eeterosso
698 580 748 632 spo:

62 642 91 688 et
105 636 311 707 deosgssturos.
347 637 390 687 Ea
404 650 467 702 spes
478 635 612 686 Etruscos
623 648 748 687 minaret

63 703 101 757 tis
110 703 140 756 in
149 704 240 759 ricem
250 706 361 758 ossibus
370 704 462 758 uictos
473 704 656 772 victoresque.

115 772 204 827 XLV.
222 775 357 828 consules
376 788 486 841 quoque
501 773 619 824 Romani
635 771 705 823 nihil
719 787 748 839 pr

64 842 150 907 uliud,
162 860 243 913 quarn
253 861 317 897 suas
327 844 410 906 vires,
420 857 471 894 sua
480 856 568 904 arma,
579 841 743 895 horrebant:

63 911 110 966 ris
119 914 232 980 pessimi
246 914 374 982 proximo
390 912 464 965 bello
477 911 597 979 exempli
607 914 741 975 terrebat,

65 983 272 1037 committerent
286 998 333 1047 eo,
351 983 400 1035 ubi
415 982 486 1034 duae
496 981 579 1033 simul
590 982 665 1034 acies
676 982 748 1034 timer

64 1058 136 1105 sent.
172 1053 269 1121 ltaque
280 1052 421 1106 castrisue
431 1050 576 1113 tenebant,
598 1057 658 1103 tarn
669 1051 749 1118 aneip

66 1123 130 1175 culo
141 1124 244 1176 aversi:
266 1124 341 1175 diem
355 1129 518 1189 tempusque
534 1119 653 1173 forsitan
667 1120 748 1187 ipsun

64 1205 128 1243 rum
140 1192 212 1257 iras,
233 1194 436 1261 sanitatemque
451 1191 552 1242 animis
568 1192 728 1240 allaturum.

63 1256 155 1311 hostis
169 1262 335 1324 Etrusniqun
354 1278 388 1308 eo
408 1260 498 1320 mugio
514 1270 699 1322 praepropere
714 1271 748 1325 ng

66 1343 174 1381 cessere
188 1328 224 1380 ad
238 1340 371 1395 pugnam:
392 1323 483 1390 primo
499 1324 748 1392 obequitandoque

64 1397 258 1464 iocandoqum
278 1399 428 1462 postremo,
446 1391 748 1458 utnihilmorebants

65 1465 140 1517 sulse
157 1466 246 1529 ipsos,
267 1479 322 1530 qua
336 1463 489 1513 exereitum
508 1464 693 1531 increpando:
714 1465 748 1517 Si

63 1548 125 1590 nem
134 1531 280 1585 intestinae
287 1530 438 1583 discordiae
447 1532 592 1585 remedium
602 1533 708 1585 timoris
717 1534 747 1587 in

66 1610 94 1656 et
111 1605 230 1655 eonsules
243 1600 332 1671 magis
351 1617 405 1654 non
425 1599 557 1669 confidere
563 1616 673 1668 ,qoam
686 1621 740 1657 non

65 1672 122 1724 ruis
141 1671 282 1725 militibus.
317 1669 421 1723 Novum
448 1670 586 1724 seditionis
606 1689 706 1741 genus,
732 1689 748 1723 o

67 1742 204 1808 otiumque
214 1740 288 1793 inter
296 1749 426 1791 armatos.
456 1738 498 1789 Ad
508 1738 577 1793 haec
586 1741 615 1791 in
624 1742 748 1794 novitate

66 1812 107 1865 ris
118 1809 296 1878 originisque,
318 1806 464 1876 quafalsu‚
484 1822 626 1874 quarere,
645 1812 745 1863 lacero.

68 1897 150 1949 quum
162 1881 212 1932 sub
223 1880 285 1947 ipso
296 1878 371 1931 vallo
381 1877 526 1945 portisque
536 1884 700 1945 streperent,
706 1879 748 1932 har

68 1952 194 2004 consules
206 1949 274 2017 pati.
310 1951 346 2002 At
354 1948 500 2016 imperitae
516 1949 701 2000 multitudinis
717 1967 748 2001 nu

65 2022 172 2087 guertio,
192 2036 263 2071 nuno
274 2019 371 2085 pudor,
386 2024 502 2085 pectora
510 2033 630 2080 uersare,
645 2025 673 2072 et
684 2022 718 2072 ab
728 2020 748 2070 ir

67 2095 193 2140 avertere
204 2090 297 2141 malis:
310 2088 384 2140 nolle
394 2088 499 2139 inultos
509 2087 611 2152 hostes,
617 2090 692 2141 nolle
702 2105 748 2140 suc

65 2171 122 2207 non
132 2156 270 2219 Patribus,
291 2173 345 2208 non
356 2157 526 2209 oonsulibus:
551 2165 666 2210 externa
677 2165 705 2211 et
716 2159 748 2211 do

67 2224 134 2276 odia
149 2232 256 2276 certare
271 2225 300 2275 in
311 2226 419 2279 animis.
456 2227 581 2280 Tandem
596 2234 748 2294 superante

67 2293 138 2346 adeo
160 2295 277 2360 superbe
298 2295 502 2363 insolenterque
524 2296 613 2349 hostis
629 2297 748 2350 eludeba

67 2368 181 2431 quantes
192 2365 221 2413 in
231 2365 401 2430 praetorium
414 2368 591 2429 conueniunt,
611 2375 748 2435 poscunt}

67 2433 218 2500 postulant,
237 2438 268 2482 ut
279 2433 387 2499 signum
396 2434 484 2488 detur.
522 2438 664 2501 Consules,
679 2439 748 2490 velut

67 2503 193 2565 rabundi,
206 2502 298 2568 capita
309 2502 461 2567 conferunt,
481 2506 527 2558 diu
538 2508 742 2576 colloquuntur.

70 2586 99 2622 re
111 2573 269 2639 cupiebant3
291 2572 339 2624 sed
355 2577 431 2623 retro
443 2577 600 2629 revocanda
614 2584 642 2631 et
653 2577 748 2630 abdon*

69 2637 142 2694 ditus
154 2648 226 2708 erut,
245 2649 274 2695 ut
285 2643 455 2701 aduersando
471 2648 690 2718 remorandoque
699 2648 748 2701 ino:

38 2902 140 2942 ³⁴5
