1860 2978
225 191 257 239 T.
273 182 381 238 LlVll
405 183 449 252 [U.
460 183 488 235 C.
500 184 557 254 275.
568 184 602 235 A.
611 182 641 235 C·
654 184 723 253 477.]

154 296 240 344 altero
251 291 358 354 corciaco,
370 288 479 358 publico
485 288 648 357 privatoque
658 287 804 359 deformem
814 290 892 340 lucto

135 377 207 411 ream
222 376 274 412 ooo
291 368 474 427 accepturum.
511 357 594 408 Omni
609 363 672 408 acto
692 354 833 421 triumpho
846 356 892 409 de-

128 431 194 480 situs
209 426 365 494 triumphas
380 427 483 480 clarior
498 425 564 477 luit:
584 425 655 478 adeo
670 432 766 492 sprota
779 426 808 476 in
821 432 891 477 tem·

126 514 155 549 re
166 498 257 565 gloria
267 497 404 549 interdum
416 496 582 547 cumulatior
592 495 674 548 redit.
695 496 806 547 Funera
816 495 889 547 dein·

117 586 124 618 e
140 568 194 617 duo
210 567 340 633 deinceps
358 566 484 633 collegae
501 565 651 636 fratrisque
666 565 755 616 ducit:
774 564 849 617 idem
862 566 892 618 in

112 644 207 701 troque
218 636 363 698 laudator,
385 651 480 703 quum,
500 634 674 687 concedendo
688 635 748 686 illis
758 650 823 686 suas
832 634 892 686 lau-

105 723 147 768 .es‚
158 706 218 770 ipse
228 706 377 756 maximam
389 711 497 771 partam
508 720 603 756 earum
614 704 707 756 ferret.
734 704 831 771 Neque
841 705 893 757 im·

100 790 195 826 nemor
210 775 282 837 eius,
304 774 377 841 quod
392 775 473 825 initio
490 774 649 825 consulatus
666 774 830 836 imbiberat,
850 788 892 827 re·

94 844 259 895 conciliandi
274 845 380 895 animos
396 844 500 910 plebis,
519 844 627 895 saucios
637 843 742 895 milites
754 843 892 895 cumulos

90 913 189 964 dividit
200 913 336 964 Patribus.
371 912 466 964 Fabiis
481 914 592 977 plurimi
604 913 677 963 clati:
697 928 749 964 neo
758 912 825 963 alibi
836 928 893 964 ma-

88 986 149 1034 iore
160 999 226 1033 cura
236 980 332 1033 habiti.
360 981 427 1033 lude
437 980 587 1047 populares
597 981 653 1031 iam
664 997 725 1033 essa
735 980 830 1034 Fabii:
842 998 892 1036 nec

89 1050 142 1104 hoc
151 1053 218 1114 ulla,
235 1052 288 1103 nisi
297 1050 591 1171 salubri-reipublicae,
602 1056 671 1102 arte.

141 1120 265 1173 XLVlll.
294 1121 381 1189 Igitur
390 1135 445 1172 non
479 1126 570 1170 atrum
582 1120 681 1187 magis,
698 1120 891 1187 quamplebis‚

89 1192 188 1243 studiis
200 1191 234 1243 K.
246 1190 350 1243 Fabius
361 1206 422 1241 cum
433 1192 466 1242 T.
477 1188 605 1257 virginio
617 1189 714 1240 consul
725 1186 826 1253 factus,
846 1206 892 1243 ne·

90 1262 231 1328 quebella,
243 1276 330 1329 neque
340 1259 472 1322 delectus,
482 1272 570 1326 neque
578 1259 665 1310 ullam
676 1258 760 1309 aliam
770 1260 892 1326 priorem

91 1346 184 1381 curam
194 1344 285 1397 agero,
297 1344 379 1397 quam
389 1335 433 1392 ut,
453 1330 509 1380 iam
520 1329 615 1396 aliqua
625 1334 750 1395 exparte
760 1328 892 1381 inchoata

90 1400 254 1449 concordiae
264 1413 321 1464 spe,
333 1399 421 1465 primo
432 1414 541 1466 quoque
551 1405 678 1466 tempore
689 1414 749 1450 oum
759 1397 891 1453 Patribus

87 1469 278 1519 coalescerent
290 1468 373 1518 animi
384 1469 481 1534 plebis.
496 1468 594 1535 ltaque
605 1468 742 1536 principio
754 1469 820 1520 anni
830 1484 891 1522 cea·

87 1539 157 1598 suit,
179 1537 336 1603 priusquam
348 1538 493 1604 quisquam
508 1539 635 1606 agrariae
650 1538 722 1606 legis
733 1544 832 1590 auctor
842 1538 889 1590 tri·

90 1611 176 1656 bunus
187 1606 343 1670 exsisteret,
354 1615 521 1674 occuparent
529 1609 627 1661 Patres
637 1608 692 1675 ipsi
703 1624 782 1659 suum
793 1624 884 1660 munus

89 1676 194 1727 lacere:
217 1676 354 1741 captivum
368 1692 466 1744 agrum
476 1678 551 1745 plebi
569 1694 650 1746 quam
661 1678 780 1730 maximo
792 1693 878 1746 aequa

86 1744 154 1796 liter
165 1745 271 1797 darent.
307 1745 411 1797 Verum
423 1764 491 1810 esso,
513 1747 614 1801 babere
627 1764 688 1811 eos,
703 1763 819 1817 quorum
830 1764 873 1800 sar

88 1816 169 1880 guina
186 1831 219 1866 ao
233 1814 333 1868 sudore
354 1823 449 1882 partus
464 1818 508 1869 sit.
544 1820 691 1884 Aspemoti
700 1818 798 1871 Patres
812 1832 867 1870 sun*

88 1885 176 1949 questi
189 1900 296 1952 quoque
307 1886 427 1953 quidam,
439 1887 523 1937 nimia
534 1889 624 1953 gloria
635 1888 776 1939 luxuriare
788 1893 817 1939 et
828 1904 861 1940 ev

86 1971 200 2007 noscere
214 1956 336 2007 vividum
353 1956 491 2025 quondam
510 1956 580 2007 illud
591 1958 728 2008 Kaesonis
739 1958 855 2025 ingeniu

86 2024 187 2077 Nullae
200 2026 296 2078 deinde
307 2028 429 2079 urbanae
439 2025 576 2078 factiones
586 2025 673 2078 luero.
706 2025 850 2079 vexabant

85 2096 288 2146 incursionibus
304 2098 461 2164 Aequorum
481 2097 583 2148 Latini.
620 2096 662 2147 Eo
684 2111 744 2147 cum
766 2112 844 2149 exerc

89 2163 180 2214 Kaeso
190 2165 298 2227 missus,
317 2167 346 2216 in
356 2167 481 2232 ipsorum
491 2168 647 2233 Aequorum
659 2182 757 2235 agrum
767 2166 838 2232 depo

85 2231 198 2281 landum
214 2235 323 2286 transit.
360 2237 446 2303 Aequi
456 2252 486 2288 se
496 2237 524 2286 in
536 2236 638 2303 oppida
648 2241 821 2303 receperunt,

85 2302 177 2366 risque
189 2316 219 2352 se
229 2305 372 2355 tenebant:
391 2320 425 2356 eo
437 2306 514 2357 nulla
524 2322 617 2374 pugna
627 2306 816 2358 memorabilis

87 2368 121 2420 At
131 2386 147 2420 a
157 2368 273 2421 Veiente
283 2371 365 2425 hoste
376 2375 468 2426 clades
479 2383 594 2442 accepta
603 2378 763 2430 temeritate
775 2376 820 2427 alt

86 2439 221 2491 consulis:
237 2448 382 2510 actumque
393 2446 426 2498 de
438 2447 561 2497 exercitu
572 2447 653 2510 foret,
663 2448 691 2497 ni
703 2447 737 2498 K.
749 2446 816 2497 Fabi

85 2522 211 2577 tempore
231 2513 353 2564 subsidio
374 2517 503 2569 venisset.
539 2517 583 2566 Ex
600 2532 633 2568 oo
654 2525 809 2583 tempores

86 2595 140 2644 prix
151 2596 240 2647 neque
250 2582 354 2634 bellum
366 2600 426 2636 cum
438 2585 602 2638 Veientibus
613 2586 680 2651 fuit3
702 2602 746 2639 res
762 2600 803 2652 pro

85 2649 202 2703 formam
214 2652 353 2705 latrocinii
364 2662 485 2707 venerat.
522 2655 691 2723 Legionibus
702 2656 797 2709 Roma

86 2717 188 2779 (labant
202 2721 229 2771 in
240 2727 349 2778 urbem:
369 2724 417 2775 ubi
434 2724 566 2776 abductas
588 2734 732 2779 senserant
753 2728 792 2793 leg
