1860 2978
91 110 173 165 nin.
185 110 223 163 11.
242 110 324 163 cnr.
343 109 439 165 sono.
456 111 605 180 [uenae
623 112 655 164 A.
667 113 696 164 c.
708 111 777 180 sne]
813 112 864 166 nr

56 188 861 210 fi-—-—-·——-—-——————-————-—-—--

57 224 135 269 torcs
147 216 255 278 missis,
277 217 324 283 qui
338 217 520 283 patriciorum
538 232 621 284 agros
635 217 758 268 intactos
773 233 864 270 serra·

57 292 134 339 rent:
155 286 215 336 sivo
224 284 348 336 infensus
360 286 435 352 plebi
445 286 547 353 magis,
564 286 622 339 sire
631 292 663 337 ut
674 286 817 338 discordia
828 288 866 338 in·

60 356 96 409 do
105 356 181 406 inter
191 354 290 406 Patres
304 356 467 423 plebemque
480 357 609 408 oriretur.
647 356 725 418 Quae
740 357 865 422 profecto

62 430 125 477 orta
134 430 221 477 essct:
243 424 312 476 adeo
329 426 434 475 tribuni
448 426 504 476 iam
520 427 642 478 ferocem
656 441 744 493 perse
757 427 867 493 plebem

62 493 236 546 criminando
256 495 286 544 in
303 495 439 561 primores
456 496 578 549 civitatis
596 496 775 563 instigabant.
813 494 869 547 Sed

62 569 195 617 externus
217 563 317 627 timor,
347 565 498 617 maximum
529 566 696 618 concordiae
719 565 869 627 vinculum,

62 633 190 703 quamvis
197 640 342 700 suspectos
353 634 529 702 infensosque
544 636 619 687 inter
629 651 660 687 se
669 634 802 702 iungebat
814 635 869 684 ani·

61 720 132 757 mos.
169 703 201 755 ld
210 703 295 755 modo
306 720 362 756 nou
378 706 573 769 conveniebat,
594 705 669 772 quod
682 710 795 757 scamus
807 719 870 755 con-

62 774 193 840 utilesque
204 788 339 840 nusquam
350 774 417 827 alibi
426 791 516 842 spem,
537 790 618 843 quam
629 775 657 824 in
669 774 768 836 armis,
787 788 870 841 pone-

62 844 144 896 bant:
157 842 254 910 plebes
264 845 364 907 omnia,
375 860 456 912 quam
465 845 578 907 bellum,
589 843 721 896 malebat.
741 843 787 910 Sp.
796 842 870 894 Nau-

63 913 122 965 tius
132 913 190 963 iam
201 919 230 965 ct
239 911 302 965 Sex.
312 912 412 964 Furius
425 915 552 966 consules
563 920 651 966 eraut.
671 914 759 980 dios,
778 928 871 965 recen·

62 988 159 1034 sentes
169 982 303 1049 legiones,
323 983 465 1050 praesidia
474 999 524 1050 per
534 1000 626 1035 muros
638 984 758 1050 aliaque,
773 982 803 1033 in
813 983 871 1049 qui-

64 1052 118 1103 bus
128 1053 265 1103 stationes
275 1052 443 1120 vigiliasque
453 1068 514 1105 esse
524 1054 681 1120 placuerat,
703 1053 768 1102 loca
778 1051 872 1102 distri·

65 1122 192 1184 buentes,
212 1121 363 1173 multitudo
384 1123 481 1189 ingens
502 1137 599 1188 pacem
622 1121 797 1187 poscentium
817 1121 874 1185 pri-

64 1206 141 1245 murn
153 1189 287 1242 seditioso
299 1191 421 1242 clamore
431 1193 597 1243 conterruit:
609 1190 710 1242 deinde
721 1203 821 1241 vocare
831 1203 873 1239 se·

66 1268 176 1323 nutum,
197 1259 302 1312 referre
318 1259 470 1327 delegatis
486 1260 522 1311 ad
534 1262 562 1311 G.
572 1260 709 1313 Marcium
726 1256 872 1310 mittendis

67 1331 171 1397 coegit.
207 1329 378 1395 Acceperunt
397 1329 565 1381 relationem
585 1329 697 1394 Patres,
726 1335 873 1395 postquam

67 1399 207 1468 apparuit,
218 1398 315 1449 labare
324 1397 413 1464 plebis
425 1398 546 1463 animum
567 1401 701 1469 missique
712 1399 746 1451 de
757 1414 825 1466 pace
837 1396 873 1448 ad

64 1468 204 1522 Marcium
218 1472 345 1520 oratores
365 1474 446 1521 atrox
466 1484 628 1537 responsum
643 1470 811 1523 retulerunt:
842 1467 873 1519 st

72 1538 174 1592 Volscis
185 1554 254 1608 ages
263 1539 430 1602 redderetur,
441 1555 519 1606 passe
530 1540 578 1609 agi
589 1542 709 1609 depone.-
731 1539 756 1591 ri
766 1539 873 1608 praeda

67 1606 130 1664 terli
136 1625 190 1677 per
200 1606 285 1660 otiam
291 1607 356 1679 frui
366 1608 458 1671 velint,
468 1625 610 1661 memorem
619 1626 646 1662 se
658 1619 685 1661 et
695 1608 793 1661 daiurn
802 1607 874 1660 inin·

67 1679 137 1740 rs'ae,
158 1685 187 1729 et
201 1675 334 1744 hospitam
344 1677 474 1746 teneros,
494 1679 666 1742 caninorum,
686 1686 719 1731 at
732 1686 873 1746 appareat,

68 1747 163 1803 exsilio
174 1746 226 1799 atr·
236 1745 373 1811 irritatos,
383 1764 436 1800 non
446 1747 566 1818 fractos,
576 1748 679 1802 animos
689 1765 751 1800 esse.
770 1749 872 1799 lterum

70 1816 171 1869 deinde
181 1814 268 1868 iidem
278 1816 358 1868 missi
368 1831 422 1867 non
433 1817 606 1883 recipiuntur
615 1819 644 1867 in
656 1822 757 1868 castra.
778 1815 874 1868 Sacer·

69 1886 150 1939 dotes
162 1900 277 1954 quoque,
296 1887 353 1937 suis
362 1886 519 1953 insignibus
529 1886 647 1946 velatos,
667 1886 724 1937 isse
735 1884 874 1951 supplices

69 1956 107 2009 ad
118 1964 211 2009 castra
222 1955 352 2018 hostium,
365 1954 501 2006 traditum
510 1960 569 2018 est;
590 1953 780 2021 nihilomagis
793 1968 873 2020 quam

71 2026 181 2093 legatos
196 2024 306 2077 flexisse
317 2025 447 2076 animum.

123 2094 184 2147 XL.
203 2096 274 2146 'lum
284 2101 429 2146 matronae
441 2092 476 2145 ad
483 2090 640 2157 Veturiam,
650 2099 768 2148 matrem
780 2094 873 2147 Corio-

69 2165 138 2227 lani,
153 2163 387 2232 Volumniamque
397 2178 513 2215 uxorem
525 2163 685 2232 frequentes
697 2171 806 2218 coeunt.
842 2165 874 2216 ld

70 2234 209 2302 publicum
221 2234 383 2297 consilium,
405 2249 440 2285 an
450 2234 595 2287 muliebris
610 2235 696 2288 timor
708 2236 806 2298 fuerit,
827 2249 874 2301 pa-

68 2319 131 2355 rum
141 2302 262 2357 invenio.
296 2302 539 2368 Pervicerecerte,
550 2311 582 2356 ut
594 2311 623 2357 et
632 2304 760 2368 Veturia,
771 2317 873 2369 magno

67 2380 137 2425 natu
147 2372 254 2437 mulier,
266 2379 294 2426 et
305 2373 464 2435 Volumnia,
480 2372 550 2426 duos
561 2390 661 2442 parvos
673 2390 707 2427 ex
715 2373 823 2426 Marcio
835 2370 874 2422 fe-

67 2458 132 2495 rens
143 2442 231 2505 filios,
251 2459 343 2494 secum
353 2445 382 2494 in
394 2449 486 2495 castra
495 2444 617 2495 hostium
627 2447 713 2496 irent:
735 2446 772 2502 ct,
791 2454 873 2506 quam

66 2514 154 2565 armis
172 2513 228 2563 viri
246 2512 394 2566 defendere
415 2513 511 2565 urbem
528 2517 720 2579 nonpossint,
741 2507 872 2559 mulieres

64 2583 194 2651 precibus
206 2583 383 2649 lacrimisque
394 2580 585 2636 defenderent.
597 2581 650 2632 Ubi
662 2578 697 2630 ed
708 2583 799 2629 castra
808 2595 871 2630 ren-

64 2661 125 2705 tum
138 2659 189 2717 est,
201 2653 412 2721 nuntiatumque
423 2654 585 2722 Coriolano.
599 2649 883 2717 adesseiuznnsxsu·
