1860 2978
65 120 184 174 nutv.
201 120 384 176 emenus.
407 102 727 193 [nceeascjsqn
768 122 818 174 351

28 229 60 291 it,
82 244 132 279 seu
143 228 271 278 attonitis
281 226 373 279 Gallis
381 228 518 280 miraculo
530 227 674 290 audaciae,
694 242 743 280 seu
754 228 819 278 reli-

28 300 98 366 gione
110 298 195 349 etiam
206 298 298 359 motis,
311 298 389 348 cuius
399 297 611 366 haudquaquam
621 297 766 364 negligens
778 303 820 347 est

28 383 92 435 gens.
129 365 208 418 Veiis
219 368 331 417 interim
349 384 403 418 non
421 369 504 418 aninri
520 375 627 418 tantum
638 369 668 418 in
680 368 753 428 dies,
772 365 821 416 sed

28 439 101 489 niam
114 436 198 499 vires,
217 437 388 488 crescebant:
409 454 459 488 nec
469 439 600 487 Romanis
612 439 701 487 solum
712 452 745 488 eo
759 451 821 486 con·

28 505 191 559 ’enientibus
203 520 237 557 ex
249 507 331 573 agris,
353 506 399 572 qui
410 522 426 557 a
436 508 543 573 proelio
556 508 672 558 adverso
683 512 732 557 aut
742 504 822 556 ela'dc

28 581 118 641 :aptae
131 575 209 624 urbis
225 576 312 640 palati
328 574 451 637 dierunt,
471 576 521 628 sed
535 577 625 627 etiam
636 590 671 627 ex
680 575 765 626 Latio
777 589 823 625 vo·

29 643 153 695 ontariis
168 643 383 706 confluentibus,
403 645 478 694 utin
492 650 575 710 parte
588 645 709 710 praedae
722 649 823 696 essent.

28 716 163 765 daturum
172 713 227 762 iam
238 713 400 774 videbatur,
421 715 510 778 repeti
520 714 640 779 patriam
651 715 777 781 eripique
788 727 824 764 ex

27 783 143 834 nostium
157 780 297 832 aeonibus:
318 780 370 833 sed
382 783 494 848 comesi
510 782 603 835 valido
617 790 702 849 caput
716 783 822 834 deerat.

28 853 113 904 jocus
123 850 183 915 ipse
194 850 363 902 admonebat
370 851 497 913 Camilli,
518 859 546 903 et
560 867 662 918 magna
678 867 742 918 pers
753 851 825 901 arili-

28 938 80 972 um
100 924 176 981 erat,
198 920 246 985 qui
260 918 345 971 ductu
364 920 543 987 auspicioque
558 922 618 972 eius
633 936 679 972 res
692 935 825 988 prospere

28 994 175 1059 gesserant:
187 994 215 1040 et
226 988 372 1041 caedicius
382 1004 493 1055 negare,
504 1006 534 1042 se
545 990 764 1051 commissurum,
777 1003 826 1039 cur

28 1059 75 1111 tibi
91 1063 140 1109 sut
158 1056 275 1110 deorum
293 1063 342 1109 aut
361 1056 503 1109 bominum
518 1061 662 1125 quisquam
677 1058 826 1124 imperium

28 1129 228 1194 iniretpotiue,
245 1143 326 1195 quam
337 1126 398 1194 ipse
407 1142 514 1180 memor
527 1128 633 1179 ordinis
644 1127 688 1178 sui
694 1130 827 1193 posceret

28 1204 226 1265 mperetorem.
263 1198 405 1248 Consensu
416 1198 539 1248 omnium
549 1197 668 1263 placuit,
688 1197 724 1248 ab
734 1195 827 1247 Ardea

28 1266 169 1321 :amilium
180 1266 281 1331 acciri3
302 1266 351 1319 sed
363 1272 447 1319 untes
456 1267 586 1319 consulto
597 1271 703 1328 senatu,
715 1265 762 1331 qui
772 1266 827 1316 lto·

28 1352 82 1389 nae
94 1341 181 1389 esset:
193 1336 264 1388 adeo
275 1336 393 1417 regebat
402 1336 496 1389 emma
506 1337 604 1403 pudor,
613 1335 826 1403 discriminaque

28 1422 113 1459 erum
124 1420 211 1473 prope
221 1407 338 1472 perditis
349 1406 432 1460 rebus
442 1407 598 1461 sersebant.
634 1406 744 1473 ingenti
755 1405 827 1471 peri·

28 1477 85 1529 :ulo
100 1476 298 1529 transeundum
311 1492 362 1545 per
380 1474 502 1529 bostium
522 1475 749 1529 custodissent.
784 1473 825 1527 Ad

28 1562 83 1599 sam
94 1560 153 1599 rem
164 1545 280 1599 Pontius
289 1548 443 1611 cominius,
453 1548 574 1616 inpiger
582 1547 700 1610 iuvenis,
709 1560 827 1613 operam

28 1614 175 1683 pollicitus,
186 1616 319 1669 incubans
330 1618 438 1681 cortici,
447 1619 570 1670 moundo
576 1617 673 1671 Tiberi
683 1616 719 1667 od
729 1616 827 1667 urbem

28 1684 156 1738 ieiertur.
188 1686 500 1755 inde,qua1srosrimum
511 1686 565 1737 fuit
575 1702 592 1736 a
602 1687 676 1751 ripa,
690 1699 740 1751 per
749 1700 827 1750 proe-

28 1760 144 1821 ruptum,
157 1769 248 1821 eoque
256 1755 412 1822 neglectum
423 1754 546 1806 hostium
557 1753 708 1814 custodiae,
729 1768 828 1803 saxum

28 1842 51 1875 m
62 1824 229 1891 Capitolium
241 1824 349 1876 evadit:
361 1824 441 1885 et,ad
451 1822 829 1889 magistratusductus,man·

28 1895 91 1946 iata
106 1894 244 1946 exercitus
261 1892 328 1945 edit.
364 1895 485 2012 ww
500 1891 566 1943 inde
584 1895 696 1943 senatus
706 1889 829 1954 decreto,

28 1969 55 2015 ct
66 1970 103 2024 et,
116 1962 239 2014 consitiis
249 1961 363 2013 curiatis
423 1968 520 2012 ecatus
531 1960 567 2011 de
577 1959 769 2023 exsilio,iussu
780 1973 829 2025 po·

28 2033 80 2100 puli
94 2033 232 2084 Camillus
248 2032 370 2082 dictator
386 2031 526 2097 extemplo
541 2029 692 2092 diceretur,
712 2029 828 2080 milites·

28 2118 77 2170 quc
87 2100 223 2155 haberent
233 2101 437 2168 imperatorem,
451 2116 531 2168 quem
540 2100 654 2163 vellent,
667 2098 769 2152 eadem
782 2099 828 2152 de·

28 2186 136 2238 gressus
151 2171 266 2223 nuntius
281 2170 368 2223 Veios
387 2170 540 2224 contendit:
560 2170 693 2238 missique
706 2170 827 2224 Ardeam

28 2242 112 2306 iegati
120 2240 157 2293 ad
166 2240 324 2304 Camillum,
335 2240 422 2292 Veios
431 2256 493 2293 eum
504 2241 670 2309 perduxere:
682 2258 731 2294 seu
741 2238 828 2307 (quod

28 2310 239 2377 magiscmdere
252 2311 333 2372 libet,
354 2325 408 2361 non
422 2312 500 2378 prius
515 2311 670 2379 profectum
681 2311 716 2360 ab
727 2308 827 2370 Ardea,

28 2394 105 2446 quam
124 2380 258 2445 comperit
274 2381 365 2447 legem
380 2380 479 2445 lotam
501 2381 576 2449 quod
590 2396 642 2433 nec
655 2379 762 2430 iniussu
778 2390 824 2441 po·

28 2450 82 2517 puli
96 2451 197 2498 mutari
210 2449 311 2500 linibus
322 2457 429 2518 posset,
449 2466 512 2514 nec,
532 2452 585 2502 nisi
595 2450 719 2500 dictator
729 2446 828 2508 dictus,

28 2517 151 2586 auspicia
159 2517 188 2567 in
199 2520 325 2571 exercitu
336 2519 453 2585 hebere)
463 2521 510 2574 lex
521 2521 629 2573 curiata
642 2519 702 2571 lata
712 2523 767 2579 est,
786 2515 829 2566 di·

28 2594 168 2655 statorque
181 2589 280 2640 absens
297 2589 393 2643 dictus.

74 2656 187 2711 XLVII.
205 2658 279 2723 Dum
296 2658 364 2712 haec
373 2659 452 2713 Veiis
468 2653 852 2732 agebantur,xnses·xmffi
