1860 2978
92 59 166 161 mi.
176 104 231 158 ur.
248 107 321 159 cm.
333 106 377 159 42.
388 105 430 160 43.
450 108 494 175 [u.
507 108 537 159 c.
547 107 606 162 305.>
625 106 657 159 A.
666 108 696 159 e.
707 108 778 176 4474
812 107 862 163 193

53 233 140 287 penes
156 217 263 270 milites
280 233 356 270 noxa
368 223 442 270 erat:
464 218 524 284 qui,
542 234 576 270 ne
596 217 662 284 quid
678 218 762 268 dtrctn
776 224 860 286 atque

53 287 181 355 auspicio
197 287 417 339 decemvirorum
436 293 567 354 prospere
578 303 694 354 usquam
706 300 859 355 gereretur,

55 359 131 409 vinci
140 373 171 408 se
181 372 231 423 per
241 374 320 408 suum
332 363 414 424 atque
424 359 536 407 illorum
548 357 668 409 dedecus
678 359 867 424 patiebantur.

57 428 127 478 Fusi
140 433 168 478 ct
180 428 214 478 ab
224 426 336 478 Sabinis
349 428 515 489 adEretum‚
526 432 554 478 et
564 427 698 493 inlllgido
710 430 745 480 ab
756 429 867 495 Aequis,

58 497 202 551 exercitus
213 503 302 548 erant.
338 499 379 549 Ab
391 498 477 549 Ereto
490 512 540 562 per
551 498 693 548 silentium
704 499 795 549 noctis
806 514 868 566 pro·

58 567 134 635 iugi,
152 567 269 633 propius
285 567 395 628 urbem,
413 568 488 619 inter
502 565 623 618 Fidenas
640 569 868 621 Crustumeriam-

58 652 122 705 que,
136 636 201 687 loco
212 635 287 688 edito
299 643 393 688 castra
404 634 637 689 communierant:
656 639 809 704 persecutis
821 636 868 689 ho-

57 706 150 759 stibus
170 721 305 773 nusquam
326 723 357 758 se
379 722 468 775 aequo
485 707 638 759 certamine
654 709 869 771 committentes,

58 783 163 829 namura
172 775 231 828 loci
242 790 275 828 ac
285 775 372 839 vallo,
395 793 450 829 non
461 778 566 829 virtute
575 782 624 828 aut
635 778 729 840 armis,
739 779 869 829 tutaban-

58 854 114 898 tur.
151 845 244 897 Maius
254 844 391 914 flagitium
400 848 430 899 in
440 847 556 914 Algido,
574 847 666 899 maior
675 848 762 900 etiam
773 848 869 899 clades

59 920 192 982 accepta:
222 922 316 969 castra
337 931 446 983 quoque
465 918 568 967 amissa
591 922 685 981 erant3
714 924 869 985 exutusque

61 986 193 1039 omnibus
202 987 369 1039 utensilibus
378 987 469 1049 miles,
481 986 634 1039 Tusculum
644 1002 683 1048 sc,
699 986 753 1038 lide
763 986 870 1038 miseri·

59 1055 212 1123 cordisque
221 1056 346 1108 victurus
357 1055 506 1124 hospitum,
522 1059 610 1122 (quac
620 1062 714 1107 tamen
724 1070 780 1106 non
789 1055 870 1107 fefel-

58 1127 169 1189 lerunt)
181 1126 348 1179 contulerat.
384 1127 503 1178 Romam
513 1125 588 1176 tanti
598 1130 677 1177 erant
694 1130 819 1177 terrores
831 1125 870 1176 nl-

59 1196 122 1258 lati,
143 1200 184 1259 ut,
194 1197 291 1263 posito
301 1198 358 1248 iam
370 1195 550 1250 decemvirali
560 1194 635 1258 odio,
645 1194 746 1247 Patres
757 1194 870 1262 vigilius

58 1266 89 1318 iu
98 1265 170 1318 urbe
178 1263 323 1318 habendas
335 1272 492 1320 censerent:
511 1280 616 1328 omnes,
627 1265 674 1333 qui
684 1279 736 1332 per
747 1270 870 1318 aetatem

60 1350 141 1389 mma
150 1333 226 1389 ferre
236 1342 361 1403 possent,
382 1335 655 1398 custodiremoenic,
675 1352 709 1388 nc
718 1351 769 1403 pro
779 1336 870 1404 portis

61 1406 199 1459 stationes
210 1420 295 1473 agere
306 1406 449 1461 iuberent:
462 1422 541 1459 armo
551 1406 703 1458 Tusculum
715 1407 751 1458 ad
761 1407 872 1473 supple·

59 1482 184 1529 mentum
195 1476 384 1541 decernerent,
391 1477 628 1544 decemvirosque,
639 1478 674 1530 ab
685 1492 749 1529 erce
754 1476 872 1528 Tusculi

61 1547 95 1599 de
176 1561 222 1609 os,
243 1548 272 1598 in
289 1548 388 1599 casuis
402 1548 524 1601 militem
538 1543 656 1600 babere:
676 1553 769 1600 castra
785 1546 842 1599 alia
854 1563 872 1598 a

60 1561 176 1669 rim
195 1616 226 1668 in
242 1615 375 1677 Sabinum
389 1633 488 1686 agrum
502 1615 663 1671 transferri:
683 1618 814 1684 belloque
831 1616 871 1667 ul·

60 1691 105 1738 tro
121 1684 268 1807 inferendo
284 1686 421 1742 deterreri
429 1687 525 1742 hostes
540 1703 558 1740 a
569 1687 687 1739 consilio
697 1688 776 1740 urbis
786 1701 871 1753 oppu-

59 1771 134 1824 gnan
154 1771 196 1809 ae.

113 1824 212 1878 XLlil.
230 1827 273 1879 Ad
295 1828 388 1882 clades
409 1830 443 1882 ab
465 1828 593 1880 hostibus
609 1831 739 1893 acceptas
755 1825 810 1876 duo
825 1841 871 1877 ne-

59 1893 148 1947 fanda
168 1892 297 1950 facinora
317 1899 468 1951 decemviri
486 1897 555 1949 belli
575 1895 706 1961 domique
725 1895 870 1947 adiiciunt.

57 1966 92 2019 L.
107 1964 230 2019 Siccium
249 1968 278 2018 in
293 1966 418 2029 Sabinis,
438 1983 490 2035 per
503 1966 639 2018 invidiam
655 1964 870 2017 decemviralem

58 2035 234 2087 tribunorum
241 2038 425 2090 creandorum
436 2036 657 2104 secessionisque
668 2035 823 2087 mentiones
833 2034 870 2086 ad

58 2104 161 2172 vulgus
175 2106 296 2159 militum
312 2108 487 2160 sermonibus
498 2105 617 2161 occultis
632 2110 785 2168 serentem,
806 2120 870 2173 pro-

59 2174 236 2241 speculatum
247 2178 283 2229 ad
294 2179 387 2231 locum
398 2178 497 2231 castris
508 2176 675 2243 capiendum
680 2177 809 2229 mittunt:
822 2176 870 2228 da·

59 2250 106 2295 tur
117 2246 260 2312 negotium
275 2248 426 2311 militibus,
448 2263 518 2316 quos
534 2249 669 2301 miserant
679 2247 869 2316 expeditionis

57 2313 122 2367 cius
133 2317 259 2381 comites,
269 2324 301 2369 ut
311 2334 373 2371 eum
386 2325 543 2386 opportuno
554 2318 646 2370 adorti
655 2318 719 2371 loco
731 2317 869 2368 interlice-

57 2386 131 2435 rent.
166 2384 251 2438 Haud
270 2388 390 2440 inultum
409 2387 588 2441 interfecere:
609 2404 674 2440 nam
694 2388 769 2439 circa
788 2398 868 2448 repu-

56 2458 190 2522 gnantem
200 2457 308 2524 aliquot
318 2459 497 2511 insidiatores
508 2458 645 2519 cecidere,
667 2471 753 2522 quum
767 2456 869 2518 ipsese

57 2524 249 2592 praevalidus,
269 2529 332 2593 pari
342 2528 447 2580 viribus
460 2529 561 2591 animo,
580 2525 869 2580 circumventnstuta·

57 2599 147 2646 retru.
184 2596 319 2649 Nuntiant
332 2600 362 2649 in
378 2605 472 2651 castra
486 2599 590 2659 ceteri,
610 2592 826 2661 praecipitatum
837 2589 868 2642 in

56 2662 180 2783 inslidilas
193 2681 253 2718 esse
264 2665 383 2720 Siccium
395 2668 509 2738 egregie
519 2662 887 2789 pungnantexmmxlitesunxe

156 2750 206 2790 ur.
218 2737 289 2790 Tou.
301 2736 322 2791 1.
