1860 2978
88 80 220 174 mavi.
241 120 314 174 cn.
326 116 423 175 meo
441 120 525 188 [ac.
537 117 758 189 371.A.C.381.]
795 115 844 170 385

46 224 82 276 eis
98 221 216 274 consiliis
232 218 271 271 M.
286 218 388 273 Manlii
405 221 556 288 respublica
573 219 730 274 detrimenti
744 219 846 287 capiat.

47 295 119 344 Tum
140 291 245 343 tribuni
267 291 407 341 consulari
424 297 576 357 potestate,
597 290 754 356 tribunique
771 288 848 354 plebi

47 368 119 430 (nam
132 368 168 425 ct,
181 361 245 426 quia
257 361 372 411 cundem
382 367 410 410 et
422 377 487 411 suae.
499 362 657 426 potcstatis,
673 376 753 427 (luem
764 360 847 409 liber-

47 435 113 483 tatis
128 432 262 491 omniuur,
283 433 362 480 fimun
381 432 542 493 cernebant,
561 430 674 480 Patrum
686 429 848 481 auctoritati

48 518 77 553 se
93 501 270 562 dediderant)
292 499 321 549 hi
335 507 393 550 tum
409 517 520 562 omnes,
541 501 607 567 quid
624 517 692 566 opus
708 501 783 551 facto
800 499 847 560 sit,

48 571 214 623 consultant.
252 570 341 631 Quum
357 576 468 634 praeter
482 570 537 620 rim
553 576 581 621 et
592 571 704 622 caedem
715 569 783 621 nihil
794 569 848 620 cui-

48 656 132 708 quam
146 645 316 701 occurreret,
336 654 397 689 eam
413 646 506 691 autem
518 640 640 706 ingentis
662 637 848 692 dimicationis

47 711 109 763 fore
123 714 282 775 appareret3
303 713 362 758 tum
372 709 411 760 M.
422 709 550 760 Maenius
566 716 594 760 et
607 710 639 769 Q,
650 709 787 761 Publilius
800 707 849 757 tri·

47 779 115 832 buni
123 778 222 845 plebis,
230 777 304 841 Quid
310 779 430 831 Petram
442 788 468 831 et
475 777 562 847 plebia
573 788 710 830 cataracte
716 778 850 851 sacimas,

48 848 121 919 qaod
137 848 258 900 civitatis
274 864 329 899 eree
343 850 472 901 adversas
488 865 571 901 arram
584 846 749 919 pestiferum
767 847 851 898 civem

48 918 142 973 debet?
165 917 239 980 Quid
254 934 315 969 caat
328 918 405 984 plebe
420 918 599 988 aggredimur
614 934 686 979 eam,
710 933 787 985 quera
800 931 852 983 per

45 990 137 1060 ipsam
145 988 249 1056 plebem
262 986 349 1040 latine
361 989 480 1056 aggredi
491 998 539 1048 ert,
549 997 580 1039 ut
591 986 647 1038 raia
657 985 716 1053 ipae
724 995 854 1039 oneratae

45 1058 150 1111 viribus
166 1058 248 1126 ruat?
259 1055 341 1109 Diem
353 1056 443 1110 dicere
456 1058 481 1110 ei
492 1057 566 1110 nobie
577 1059 607 1109 in
618 1056 708 1109 arriano
721 1065 769 1107 ert.
806 1053 859 1105 at-

46 1129 90 1182 til
99 1127 187 1180 rainae
195 1129 331 1194 populare
342 1143 424 1194 qaam
435 1144 549 1197 regnam
560 1135 609 1179 est.
634 1126 721 1177 Sienal
730 1123 859 1177 rnaltita-

48 1200 85 1252 do
96 1197 147 1249 illa
157 1213 210 1248 nen
222 1211 309 1247 cecum
319 1197 424 1251 certari
435 1197 563 1260 viderint,
576 1205 604 1248 et
615 1214 648 1249 ex
660 1194 801 1248 advocatie
812 1192 856 1245 ia-

47 1268 122 1322 dieee
128 1264 209 1329 faeti
220 1274 308 1327 erant,
330 1276 356 1319 et
367 1277 540 1320 accusatores
553 1268 585 1318 tle
593 1266 679 1334 plebe,
697 1263 854 1333 patriciam

46 1352 126 1391 ream
145 1334 335 1398 intuebantur,
359 1346 386 1388 et
402 1337 482 1407 regni
497 1336 598 1391 crimea
612 1336 642 1390 ia
656 1334 764 1397 merlia5
785 1333 854 1387 nulli

46 1424 92 1461 rna
114 1405 147 1465 ir,
160 1420 240 1474 qnam
252 1405 384 1469 libertati,
390 1407 535 1480 favebant,
547 1424 620 1460 eaae.
706 1462 718 1490 ς

129 1475 163 1526 Χ.
181 1475 406 1543 Approbantibus
417 1479 531 1542 cunetis,
544 1479 617 1529 diem
628 1476 737 1529 Manlio
748 1475 852 1527 dieunt.

48 1544 187 1607 Quodubi
198 1543 365 1611 estfactum,
383 1548 474 1615 primo
485 1555 626 1601 commota
635 1549 714 1616 plebe
727 1553 778 1610 est,
798 1546 852 1597 uti-

48 1628 104 1689 que
118 1619 264 1681 postquam
280 1615 453 1668 sordidatum
467 1633 545 1670 reum
560 1618 705 1681 viderunt,
724 1633 775 1667 nec
791 1630 851 1666 eum

48 1698 85 1737 eo
100 1696 155 1734 uon
172 1684 256 1737 modo
272 1685 386 1737 Petrum
402 1701 579 1754 quemquam,
598 1687 648 1737 sed
667 1702 701 1737 ne
718 1691 852 1751 cognatos

47 1751 161 1823 quidem
179 1760 227 1805 aut
242 1753 352 1816 affines,
372 1759 514 1821 postremo
531 1772 566 1805 ne
582 1750 684 1805 tratres
696 1754 848 1818 quidemn.

47 1828 79 1876 et
90 1824 123 1873 T.
133 1822 267 1875 Manlios:
288 1822 363 1891 quod
378 1823 413 1874 ad
429 1838 492 1874 eum
507 1823 581 1874 diem
590 1836 728 1888 nunquam
744 1837 795 1871 usu
805 1837 849 1872 ve

47 1892 151 1955 nisset,
169 1896 202 1944 ut
219 1895 248 1943 in
266 1899 345 1945 tanto
366 1892 526 1945 discrimine
547 1907 602 1943 non
620 1896 649 1943 et
668 1890 786 1955 proximi
805 1905 851 1940 re·

46 1968 120 2014 atem
139 1966 287 2014 mutarent.
323 1962 373 2029 dp.
394 1960 512 2014 Claudio
532 1962 563 2012 in
582 1960 692 2012 vincula
708 1960 800 2022 ducto,
820 1959 849 2011 C.

48 2031 198 2084 Claudium
222 2032 364 2082 inimicum
387 2031 587 2100 Claudiamque
612 2046 719 2082 omnem
739 2036 850 2098 gentem

47 2098 222 2153 sordidatam
241 2101 339 2154 tuisse.
386 2102 528 2154 Consensu
547 2102 665 2168 opprimi
686 2101 848 2169 popularem

46 2171 148 2232 virum,
159 2169 232 2236 quod
241 2171 346 2237 primus
357 2186 375 2221 a
384 2169 515 2224 Patribus
525 2172 561 2224 ad
573 2172 681 2238 plebem
693 2169 849 2223 deiecisset.

47 2240 139 2303 Quum
151 2240 211 2291 dies
222 2241 309 2304 venit,
330 2256 413 2308 quae,
433 2248 545 2308 praeter
555 2249 650 2295 coetus
661 2240 851 2293 multitudinis

46 2307 851 2379 seditiosasquerocer,etlargitionemetfallaxindicium,

45 2377 219 2449 pertinentia
228 2381 340 2447 proprie
351 2379 387 2431 ad
398 2381 476 2449 regni
487 2383 589 2435 crimen
601 2383 634 2433 ab
642 2379 850 2433 accusatoribus

46 2445 160 2500 obiecta
175 2447 231 2499 sint
246 2464 309 2512 reo,
328 2450 401 2518 apud
415 2452 551 2504 neminem
568 2458 718 2502 auctorem
726 2446 870 2494 'xxxta—m·-

46 2530 99 2569 nec
110 2514 207 2567 dubito
219 2515 291 2570 haud
302 2520 507 2588 pervaluisse,
527 2537 619 2590 auara
627 2509 915 2598 dammaxmcw

802 2574 851 2611 xm

40 2585 224 2655 plebinonin
236 2606 330 2652 cauea.
352 2593 544 2657 seliniaco,
559 2587 672 2643 iuml·
704 2570 884 2702 ὲῖζὲᾏω
890 2610 929 2651 ³²

40 2654 102 2703 dvm
114 2654 239 2726 ridetur,
263 2672 297 2721 ut
308 2667 586 2728 setanthomioes,
608 2666 694 2725 qm

65 2723 95 2772 Τ·
107 2723 174 2781 lar.
193 2734 269 2790 Tou.
282 2740 306 2795 l.
644 2719 715 2775 Ἦ)
