1860 2978
84 110 156 166 Lru.
166 110 202 167 V.
217 112 343 166 Genii.
353 112 397 166 28.
415 112 460 182 [U.
472 109 608 167 c.361.'d.
620 113 650 165 c.
662 112 733 182 391]
782 109 832 166 3³1

40 193 199 208 -—-

40 216 156 269 onmium
177 215 265 280 legati
284 213 320 265 ad
336 215 482 267 Camillum
499 216 530 266 in
546 221 651 279 eastra,
673 221 755 282 atque
770 216 834 267 inde

40 286 170 353 permissu
181 283 294 334 Camilli
305 284 422 334 Romam
433 285 468 336 ad
484 290 624 348 sonatum,
644 287 690 352 qui
702 285 836 338 dederent

40 354 173 414 Falerios,
193 353 415 418 proficiscuntur.
451 355 605 404 lntrodueti
616 356 651 406 ad
661 362 785 406 senatum
797 355 838 406 ita

40 423 123 475 locuti
134 423 295 473 traduntur:
315 423 416 474 Patres
428 424 580 490 conscripti,
597 426 721 488 victorio,
737 426 781 476 eoi
792 443 840 476 nee

40 495 109 556 deus,
119 509 166 545 ose
177 491 252 544 honre
263 492 403 560 qnisquam
413 493 540 554 invideat,
551 493 616 544 vieti
626 511 642 544 α
653 496 841 562 aohisetinrpe-

40 571 129 614 rotare
138 571 236 624 aestro,
247 563 495 615 dedimusnosoobis
501 580 511 624 ;
522 562 589 626 rati,
600 578 651 630 quo
663 564 732 617 nihil
742 563 842 619 victori

40 630 176 700 pulchrius
185 639 234 692 est,
257 631 350 684 melios
359 649 405 684 nos
417 633 465 685 sard
476 633 590 701 imperio
600 641 696 694 aestro,
735 650 796 687 uorn
806 636 840 685 le-

40 700 117 770 gibus
127 701 240 762 sostris,
261 699 389 754 viaturos.
426 703 532 755 Eventu
542 701 622 755 huius
638 701 701 753 delli
711 650 761 755 juo
771 705 842 754 sohe-

40 769 115 823 taric
127 773 249 839 exemplu
256 771 365 838 prodita
375 771 490 824 humano
496 772 595 842 generi
604 781 676 824 suot.
699 768 842 841 Vosfidem

40 839 68 891 in
79 839 154 901 lello,
176 854 255 906 quam
264 850 432 906 praesentem
442 841 598 905 uictoriam,
618 839 767 893 maluistis:
787 857 843 905 aas,

40 907 93 975 lide
100 909 253 977 provocati,
264 909 408 962 victoriam
419 913 493 963 ultro
503 911 655 964 detulimus.
674 910 729 963 suo
740 910 842 965 stitione

40 986 131 1030 vestra
142 995 240 1030 merus.
280 978 393 1044 Mittite,
409 981 456 1050 qui
466 998 551 1046 arma,
565 982 612 1049 qui
621 980 730 1043 obsides,
743 981 789 1051 qui
799 996 843 1032 ur·

40 1047 99 1099 bem
113 1048 275 1117 patentibus
285 1050 376 1116 portis
392 1050 538 1118 accipiant.
579 1049 638 1105 Nee
653 1067 698 1103 aas
741 1050 783 1102 dei
797 1066 843 1102 no-

40 1125 123 1180 strae,
133 1134 181 1170 nee
191 1134 239 1170 aas
249 1118 359 1185 imperii
368 1119 452 1170 vestri
458 1120 617 1189 poenitebit.
641 1120 717 1175 cmm
729 1120 757 1170 lo
770 1124 798 1169 et
809 1119 844 1170 ah

40 1185 170 1238 hostibus
183 1193 211 1238 et
226 1204 243 1239 a
260 1187 366 1238 civibus
382 1190 493 1257 gratioe
503 1196 591 1242 actae.
628 1188 746 1241 Faliscis
755 1190 785 1237 in
795 1188 844 1239 sti·

40 1255 171 1323 pendium
181 1257 301 1308 militum
314 1258 373 1310 eius
384 1258 456 1321 anni,
471 1265 502 1310 ut
511 1258 631 1327 populus
642 1259 785 1311 Romanus
795 1256 846 1308 tri·

40 1327 109 1376 boto
119 1332 240 1389 vacaret,
258 1327 530 1395 pecuniaimperatn.
566 1327 638 1383 Paos
650 1327 725 1392 datu,
740 1325 845 1385 exerei-

40 1402 86 1446 tus
96 1395 213 1447 Romam
224 1396 363 1449 reduetus.
413 1405 417 1411 “

92 1464 219 1516 xxvio.
249 1467 385 1518 Camillus
405 1467 521 1520 meliore
539 1466 628 1520 multo
647 1467 741 1532 laude,
762 1483 845 1536 quarn

41 1549 124 1601 quum
140 1531 358 1600 triumphantem
374 1537 431 1585 albi
447 1553 499 1601 por
514 1539 610 1589 urbem
626 1545 760 1592 rexerant
772 1538 845 1607 equi,

41 1604 168 1672 insignis,
181 1604 293 1655 iustitia
303 1603 412 1669 fideque
421 1600 547 1656 hostibus
557 1605 650 1668 victis,
668 1624 751 1675 quum
762 1610 790 1656 in
800 1621 845 1657 ur·

41 1674 105 1726 born
115 1673 244 1736 redisset,
258 1673 346 1724 tacite·
356 1673 415 1723 eius
424 1672 618 1728 verecundiam
627 1689 682 1725 non
692 1675 760 1725 tulit
768 1692 846 1728 sena·

41 1750 102 1806 tus,
120 1743 188 1810 quin
203 1742 263 1794 sine
279 1756 360 1794 mora
373 1741 434 1792 voti
450 1741 630 1793 libereretur:
653 1749 846 1811 crateramque

41 1827 154 1864 auream
171 1812 275 1864 donum
284 1811 409 1879 Apollini
423 1808 548 1876 Delphos
564 1811 654 1879 legati
671 1813 717 1892 qui
731 1811 846 1876 ferrent,

41 1882 74 1934 L.
85 1880 225 1945 Valerius,
239 1882 272 1934 L.
284 1881 405 1951 Sergius,
418 1880 450 1931 A.
460 1878 593 1941 Manlius,
608 1879 687 1931 missi
696 1881 782 1949 longa
791 1898 847 1933 una

41 1966 119 2015 nave,
129 1950 203 2003 haud
214 1951 313 2017 procul
323 1950 396 2002 neto
407 1948 501 2001 Siculo
513 1948 640 2016 spiratis
652 1948 847 2019 Liparensium

42 2023 166 2088 excepti,
191 2020 364 2073 devehuntur
382 2019 510 2087 Liparas.
546 2018 611 2070 Mos
633 2025 694 2070 erat
715 2020 848 2083 civitatis,

41 2090 119 2143 velut
136 2090 249 2158 publico
268 2090 416 2143 latrocinio
432 2096 541 2157 partam
559 2088 693 2156 praedam
713 2090 846 2142 dividere¹

41 2160 127 2212 Forte
134 2174 246 2212 eoanno
255 2159 286 2210 in
295 2175 402 2212 sunrmo
413 2160 580 2228 magistratu
590 2165 650 2211 erat
656 2158 846 2211 Timasitheus

42 2228 165 2296 quidam,
184 2228 317 2281 Romanis
327 2229 370 2279 vir
380 2230 507 2292 similior,
529 2243 611 2297 quam
621 2230 689 2280 suis.
727 2227 791 2291 oui,
808 2230 847 2280 le·

42 2301 170 2366 gaiorum
181 2312 292 2361 nomen,
301 2296 467 2381 donumque,
484 2304 512 2351 et
522 2299 612 2360 deum,
625 2299 669 2348 cui
681 2298 847 2361 mitteretur,

44 2371 73 2418 et
88 2365 154 2415 doni
167 2381 280 2418 eausam
296 2367 401 2419 veritus
414 2383 488 2435 ipse,
506 2367 712 2419 multitudinem
728 2381 847 2433 quoque,

45 2450 116 2503 quae
126 2449 237 2500 semper
245 2435 335 2489 fermo
343 2437 452 2504 regenti
462 2442 504 2489 est
515 2437 628 2499 similis,
648 2436 794 2504 religionis
805 2436 847 2485 iu-

43 2511 105 2557 stae
121 2503 265 2569 implevit=
285 2504 475 2576 adductosque
492 2507 521 2557 in
534 2506 676 2573 publicum
692 2503 844 2572 hospitium

43 2578 163 2644 legatos,
175 2588 237 2625 euru
247 2574 386 2643 praesidio
398 2578 483 2630 etium
493 2575 605 2627 navium
615 2573 740 2643 Delphos
751 2591 845 2642 prose·

44 2653 138 2713 cutus,
158 2644 276 2701 Romam
288 2643 354 2699 inde
372 2647 493 2719 sospites
512 2646 655 2699 restituit,
685 2643 870 2706 iussorem
