1860 2978
62 114 111 165 100
212 113 246 162 r.
265 110 370 162 nrvrr
392 110 435 177 [n.
446 111 476 161 o.
488 111 548 180 2⁵9.
557 109 590 164 A.
601 110 632 163 c.
641 78 712 181 4954

60 218 137 269 cludi
148 224 231 282 atque
243 212 354 266 extrahi
365 231 394 266 se
406 214 556 267 multitudo
567 222 680 282 putore3
701 223 737 279 et,
747 215 781 270 Pe

60 288 106 355 qui
118 289 259 347 abessent,
278 299 332 336 non
344 300 418 351 casu,
439 299 494 336 non
505 291 594 348 metu,
610 286 659 337 sed
671 286 781 353 impedit

58 359 101 411 rei
112 371 195 409 causo
205 355 315 417 abesse,
336 360 365 408 et
376 355 503 409 consules
513 356 590 422 ipsos
601 357 781 424 tergiversari

59 427 141 479 dubio
157 424 280 476 ludibrio
297 441 358 477 esse
371 426 500 478 miserias
515 441 590 478 suaa.
625 427 685 479 lom
696 442 781 494 prope

58 503 90 549 ut
104 512 139 548 no
155 495 299 547 consulum
314 495 427 563 quidem
441 496 576 549 maiestas
593 503 734 551 coerceret
748 498 781 549 iri

58 567 172 619 minum.
210 564 310 629 Quum,
321 564 430 629 incerti,
441 567 584 629 morando,
602 583 637 620 an
647 567 781 620 veniendo

58 636 176 704 periculi
195 633 404 700 contraherent,
423 636 539 690 tandem
551 637 581 688 in
596 645 724 690 senatum
738 653 782 690 ver

57 705 251 775 trequentique
268 707 383 760 tandem
398 707 488 769 curia,
507 721 563 759 non
577 707 660 761 modo
675 706 781 761 interP

57 776 109 829 sed
123 792 158 828 ne
172 777 248 829 inter
259 777 387 830 consules
404 776 518 845 quidem
531 778 620 844 ipsos,
642 778 712 830 satis
724 792 781 831 con*

60 847 119 898 bat.
154 846 267 914 Appius,
286 846 459 901 vehementis
467 847 572 915 ingenii
582 848 781 914 rir,imperioc

59 916 184 969 laricem
195 915 333 986 agendam
343 917 488 970 censebatz
507 931 564 969 uno
579 924 629 969 aut
645 918 735 971 altero
746 931 781 969 on

60 986 203 1055 quieturos
213 986 294 1040 allos.
330 985 479 1050 Servilius,
499 986 608 1039 lenibus
623 986 781 1041 remediisa

59 1057 215 1110 concitatos
226 1057 334 1109 animos
344 1055 429 1121 flecti,
451 1071 534 1125 quom
544 1056 644 1127 frangi,
658 1052 777 1126 putdbat

59 1127 157 1190 tutius,
169 1132 229 1179 tum
239 1126 352 1181 focilius
363 1143 432 1181 csse.

114 1195 217 1249 XXlV.
227 1198 303 1248 lnter
313 1194 382 1246 hoec
392 1196 483 1248 maior
492 1196 564 1249 alius
575 1202 675 1250 terror.
692 1195 781 1247 Latin

60 1276 103 1320 tea
114 1281 178 1317 cum
187 1266 360 1318 tumultuoso
372 1262 506 1315 advolant
516 1268 627 1316 nuntio:
649 1264 676 1315 V
673 1265 781 1319 obessi

61 1335 184 1391 exercitu
194 1336 232 1385 ad
240 1334 332 1404 urbem
345 1334 554 1402 oppugnandam
563 1334 663 1387 venire.
685 1333 762 1395 Quae
774 1351 781 1386 t

61 1405 147 1468 [odeo
163 1404 232 1455 duas
248 1418 283 1455 ex
293 1418 348 1454 una
359 1403 474 1455 civitate
485 1401 626 1455 discordia
640 1402 765 1468 fecerat)

61 1476 146 1527 alitor
155 1472 255 1525 Patres
271 1487 305 1525 ac
320 1471 430 1538 plebem
440 1471 568 1526 affecere.
604 1474 781 1541 Exsultareg

61 1543 170 1614 plebem
191 1544 293 1595 ultores
307 1540 450 1610 superbiae
459 1541 582 1595 Petrum
592 1544 683 1597 adesse
714 1545 720 1557 “
771 1560 781 1596 c

59 1614 136 1667 Alius
148 1613 233 1665 alium
244 1611 458 1675 confirmarene
467 1614 580 1666 nomina
594 1613 704 1667 darent:
750 1628 778 1665 nr

59 1686 111 1736 bus
123 1684 226 1750 potius,
238 1697 320 1750 quoni
331 1683 417 1746 solos,
428 1684 577 1750 perituros.
596 1683 693 1736 Patres
703 1683 781 1743 milit

59 1754 157 1805 Patres
169 1769 247 1807 arma
258 1759 396 1821 caperent,
402 1760 434 1804 ut
446 1769 530 1820 penes
540 1753 652 1813 eosdem
663 1754 781 1821 periculo

60 1835 145 1894 penes
156 1825 367 1892 quospraemia‚
390 1830 490 1877 essent.
526 1824 741 1886 Atverocuria‚
759 1840 781 1877 m

60 1910 93 1947 nc
103 1895 215 1962 trepida
229 1896 345 1963 ancipiti
361 1900 437 1949 metu
451 1901 481 1948 et
490 1895 524 1947 ab
535 1894 595 1946 eive
608 1901 635 1946 et
641 1895 683 1947 ish
693 1894 781 1958 hoste

61 1965 160 2016 vilium
170 1966 324 2029 consulem,
346 1967 391 2018 cui
400 1966 541 2032 ingenium
552 1965 642 2033 magis
654 1965 781 2032 populare

62 2049 156 2096 orare,
178 2041 210 2086 ut
224 2038 310 2089 tantis
326 2037 539 2101 circumventam
556 2035 712 2087 terroribus
722 2050 781 2102 exp

61 2104 270 2169 rempublicam.
307 2107 379 2158 Turn
390 2106 493 2167 consul,
505 2106 590 2159 misso
602 2111 709 2168 senatu,
720 2105 750 2157 in
761 2121 781 2157 c«

62 2187 125 2225 nem
137 2174 242 2238 prodit.
262 2175 304 2225 lbi
312 2191 394 2227 curae
406 2190 466 2226 esse
476 2173 606 2227 Patribus
619 2175 752 2238 ostendit,
762 2190 781 2225 u

63 2242 171 2293 solatur
182 2242 269 2310 plebi:
290 2251 410 2296 ceterum
423 2244 621 2298 deliberationi
632 2247 666 2299 de
678 2246 781 2297 maxim

63 2313 126 2365 dem
133 2311 199 2375 illa,
220 2312 268 2364 sed
278 2318 370 2365 tamen
380 2320 460 2379 porte
472 2316 609 2379 civitatis,
628 2321 733 2369 metum
749 2331 781 2383 pr

61 2397 143 2435 versa
158 2383 302 2450 republica
317 2384 513 2449 intervenisse3
533 2403 583 2439 nec
599 2402 698 2453 posse,
718 2401 781 2452 quur

62 2462 120 2507 stes
132 2470 219 2522 prope
230 2452 265 2505 ad
276 2459 371 2520 portas
384 2462 487 2518 essent,
509 2457 584 2508 bello
597 2457 781 2523 praevertisse

63 2540 158 2592 quam:
180 2541 243 2586 nec,
262 2523 334 2575 sicit
345 2523 498 2577 laxamenti
509 2527 624 2594 aliquid,
642 2534 691 2579 ant
701 2526 776 2593 plebi

63 2600 138 2646 stum
149 2611 208 2648 esse
215 2632 222 2657 ,
234 2595 287 2645 nisi
297 2594 424 2647 mercede
435 2597 512 2661 prius
523 2605 653 2664 occepta,
671 2612 750 2648 arma
759 2612 781 2663 p:

64 2664 118 2715 tria
129 2680 182 2716 non
194 2664 311 2732 cepisse3
332 2681 421 2737 oeque
431 2665 559 2719 Patribus
570 2669 639 2720 sotis
651 2667 781 2719 decorum
