1860 2978
13 39 22 191 i
62 107 863 179 arcessat.[ocia.A‚cannossaacini13⁷

15 240 18 247 ·
61 214 129 262 stati
150 226 232 279 quum
252 227 282 263 se
303 212 431 262 consules
451 214 629 276 obtulissent,
649 213 733 265 facile
754 217 863 280 experti

60 286 136 343 sunt,
156 295 256 346 parum
277 287 366 331 tutam
387 283 560 332 maiestatem
583 283 642 335 sine
663 283 770 334 viribus
793 299 862 335 esse.

60 348 182 400 Violatis
195 350 349 413 lictoribus,
361 349 483 402 fascibus
494 350 598 413 fractis,
618 352 704 402 eforo
717 354 746 400 in
757 354 864 402 curiam

63 419 280 484 compelluntur;
309 421 418 480 incerti,
440 426 575 485 quatenns
595 420 699 474 Volero
722 428 864 473 exerceret

61 489 219 540 victoriam.
256 489 464 541 Conticescente
496 490 594 542 deinde
618 493 752 551 tumultu,
782 506 865 557 quum

61 558 89 607 in
111 563 241 609 anatum
266 559 363 611 vocari
387 559 545 622 iussissent,
576 569 727 626 queruntur
748 560 864 610 iniurias

15 630 17 641 '
61 641 139 688 suas,
160 627 218 677 vim
232 626 336 692 plebis',
355 625 503 678 Voleronis
519 629 673 680 audaciam.
708 629 807 680 Multis
826 627 865 680 fe·

14 756 17 767 ¹
61 695 166 749 rociter
177 694 259 745 dictis
270 695 429 758 sententiis,
449 697 541 749 vicere
553 699 689 761 seniores,
702 699 809 766 quibus,
821 698 866 748 ira

61 763 178 885 Platrum
198 764 330 818 adversus
350 767 536 820 temeritatem
556 768 647 836 plebis
668 769 782 829 certari,
811 781 867 818 non

91 835 177 886 acuit.

61 850 78 901 p
114 902 187 956 LVl.
207 902 376 957 Voleronem
395 908 524 974 amplexa
533 906 629 960 farore
640 909 719 975 plebs
730 907 865 975 proximis

62 973 184 1026 comitiis
195 973 335 1025 tribunum
347 975 424 1039 plebi
435 984 511 1027 creat
524 978 554 1027 in
564 993 627 1029 eum
639 994 752 1040 annum,
776 976 822 1043 qui
832 976 866 1027 L.

62 1043 221 1106 Pinarium,
241 1042 272 1095 P.
292 1044 406 1094 Furium
427 1047 554 1096 consules
575 1044 685 1098 habuit:
715 1052 867 1111 contraque

63 1113 187 1166 omnium
202 1113 376 1179 opinionem,
398 1114 445 1181 qui
461 1129 524 1165 eum
538 1115 671 1166 vexandis
689 1114 791 1181 prioris
802 1114 868 1164 anni

64 1182 224 1235 consulibus
234 1183 434 1248 permissurum
445 1184 616 1235 tribunatum
628 1184 784 1244 credebant,
804 1187 868 1248 post

63 1252 205 1320 publicam
227 1267 338 1303 causam
359 1253 468 1318 privato
479 1252 584 1321 ¹dolore
599 1252 711 1317 habito,
732 1267 766 1303 ne
782 1252 867 1303 verbo

63 1321 177 1391 quidem
187 1321 300 1373 violatis
312 1322 483 1384 consulibus,
504 1323 679 1388 rogationem
696 1322 762 1374 tulit
774 1320 810 1372 ad
820 1334 868 1386 po·

61 1392 173 1459 pulum,
192 1396 223 1441 ut
238 1391 342 1457 plebeii
358 1392 540 1459 magistratus
554 1393 669 1444 tributis
684 1392 804 1444 comitiis
820 1390 867 1441 ile·

62 1466 135 1514 rent.
171 1461 256 1512 Haud
272 1476 359 1527 parra
373 1477 418 1513 res
429 1464 479 1514 sub
490 1462 574 1511 titulo
587 1464 677 1526 prima
689 1461 780 1526 speeie
788 1459 868 1509 mini·

64 1546 108 1583 me
119 1532 210 1581 atroci
219 1529 377 1593 ferebatur;
395 1531 443 1580 sed
456 1545 526 1595 quae
536 1530 661 1595 patriciis
674 1545 781 1582 omnem
792 1534 870 1594 pote·

64 1604 167 1651 statem
179 1613 229 1664 per
239 1599 382 1650 clientium
393 1597 528 1666 suffragia
540 1600 660 1662 creandi,
676 1614 744 1666 quos
754 1599 868 1658 vellent,

65 1669 192 1721 tribunos
205 1667 337 1720 auferret.
348 1704 351 1710 .
372 1669 446 1718 Huic
461 1667 577 1730 actioni,
597 1670 771 1736 gratissimae
783 1667 869 1733 plebi,

65 1752 151 1805 quum
161 1737 480 1790 summaviresisterent
490 1736 670 1803 Patres3nee,
680 1755 751 1805 quae
761 1752 815 1787 una
825 1736 868 1786 vis

64 1807 102 1858 ad
111 1807 294 1859 resistendum
306 1813 375 1871 erat,
394 1813 425 1859 ut
434 1807 634 1872 intercederet,
656 1809 757 1874 aliquis
768 1821 803 1857 ex
813 1805 869 1855 eol·

64 1877 141 1945 legio
152 1877 322 1931 auctoritate
333 1882 380 1930 aut
392 1879 535 1929 consulum
547 1883 595 1928 aut
604 1878 756 1944 principum
767 1873 870 1924 adduci

64 1951 177 2014 posset3
195 1962 240 1999 res
251 1953 354 2012 tamen,
374 1963 425 1999 suo
437 1949 499 2013 ipsa
510 1947 652 1997 molimine
662 1944 764 2013 gravis,
783 1947 870 1992 certa·

66 2016 186 2067 minibus
196 2017 226 2065 in
236 2034 338 2067 annum
349 2016 514 2069 extrahitur.
549 2014 631 2068 Plebs
643 2014 811 2066 Voleronem
819 2011 870 2062 tri·

69 2085 173 2137 bunum
182 2085 286 2139 reiicit:
307 2085 415 2149 Patres,
431 2086 467 2139 ad
477 2084 606 2137 ultimum
617 2081 801 2136 dimicationis
812 2080 870 2132 rati

66 2170 127 2208 rem
137 2162 291 2218 venturam,
304 2156 356 2222 Ap.
367 2154 523 2219 Claudium,
537 2155 620 2224 Appii
628 2153 725 2216 lilium,
740 2151 796 2203 iam
804 2148 870 2202 inde

68 2240 86 2276 a
99 2226 225 2292 paternis
241 2226 438 2277 certaminibus
455 2226 577 2278 invisum
591 2226 775 2291 infestumque
784 2220 870 2287 plebi,

66 2295 209 2347 consulem
229 2295 344 2347 iaciunt.
381 2296 496 2363 Collega
516 2297 544 2348 ei
561 2297 594 2348 T.
610 2294 755 2359 Quinctius
777 2291 869 2343 datur.

64 2363 210 2432 Principio
220 2365 318 2417 statim
327 2367 392 2415 anni
402 2363 473 2417 nihil
483 2365 569 2431 prius,
580 2380 662 2433 quam
672 2364 708 2416 de
717 2363 790 2428 lege,
805 2371 870 2438 age·

64 2435 158 2488 batur.
194 2433 250 2487 Sed
260 2440 292 2485 ut
300 2435 428 2487 inventor
442 2434 514 2502 legis
524 2434 642 2497 Volero,
662 2434 702 2484 sic
710 2431 869 2486 Laetorius,

65 2505 180 2571 collega
191 2505 260 2567 eius,
270 2511 368 2556 auctor
379 2520 461 2571 quum
470 2505 617 2566 recentior,
627 2509 687 2553 tum
697 2497 788 2551 acrior
800 2497 869 2545 erat.

64 2572 203 2628 Ferocem
217 2572 341 2627 iaciebat
359 2573 429 2627 belli
441 2573 534 2641 gloria
546 2575 658 2640 ingens3
679 2566 753 2635 quod
769 2561 869 2615 aetatis

66 2646 128 2700 eius
138 2643 217 2700 haud
226 2644 371 2716 quisquam
381 2658 466 2698 manu
476 2642 632 2710 promptior
643 2642 715 2694 arat.
741 2635 880 2702 imapum
