<?xml version="1.0" encoding="UTF-8"?>
<!DOCTYPE html PUBLIC "-//W3C//DTD XHTML 1.0 Transitional//EN"
    "http://www.w3.org/TR/xhtml1/DTD/xhtml1-transitional.dtd">
<html xmlns="http://www.w3.org/1999/xhtml" xml:lang="en" lang="en">
 <head>
  <title>
</title>
<meta http-equiv="Content-Type" content="text/html;charset=utf-8" />
  <meta name='ocr-system' content='tesseract 3.04.00' />
  <meta name='ocr-capabilities' content='ocr_page ocr_carea ocr_par ocr_line ocrx_word'/>
</head>
<body>
  <div class='ocr_page' id='page_1' title='image "./tliviipatavinih03livigoog_0180.png"; bbox 0 0 1860 2978; ppageno 0'>
   <div class='ocr_carea' id='block_1_1' title="bbox 58 108 800 181">
    <p class='ocr_par' dir='ltr' id='par_1_1' title="bbox 58 108 800 181">
     <span class='ocr_line' id='line_1_1' title="bbox 58 108 800 181; baseline 0.009 -22"><span class='ocrx_word' id='word_1_1' title='bbox 58 108 197 162; x_wconf 54' lang='lat' dir='ltr'>nisan.</span> <span class='ocrx_word' id='word_1_2' title='bbox 216 108 364 163; x_wconf 60' lang='lat' dir='ltr'>crebo.</span> <span class='ocrx_word' id='word_1_3' title='bbox 384 111 581 181; x_wconf 54' lang='lat' dir='ltr'>[uonna</span> <span class='ocrx_word' id='word_1_4' title='bbox 592 112 621 161; x_wconf 90' lang='lat' dir='ltr'>C.</span> <span class='ocrx_word' id='word_1_5' title='bbox 633 111 703 179; x_wconf 66' lang='lat'>461]</span> <span class='ocrx_word' id='word_1_6' title='bbox 749 112 800 166; x_wconf 80' lang='lat'>153</span> 
     </span>
    </p>
   </div>
   <div class='ocr_carea' id='block_1_2' title="bbox 23 213 830 2728">
    <p class='ocr_par' dir='ltr' id='par_1_2' title="bbox 24 213 808 1452">
     <span class='ocr_line' id='line_1_2' title="bbox 24 213 802 283; baseline 0.006 -19"><span class='ocrx_word' id='word_1_7' title='bbox 24 230 56 265; x_wconf 67' lang='lat' dir='ltr'>is:</span> <span class='ocrx_word' id='word_1_8' title='bbox 67 229 103 265; x_wconf 82' lang='lat' dir='ltr'>ex</span> <span class='ocrx_word' id='word_1_9' title='bbox 113 213 325 280; x_wconf 73' lang='lat' dir='ltr'>praedatoribus</span> <span class='ocrx_word' id='word_1_10' title='bbox 335 217 502 283; x_wconf 85' lang='lat' dir='ltr'>Aequorum,</span> <span class='ocrx_word' id='word_1_11' title='bbox 514 214 560 283; x_wconf 88' lang='lat' dir='ltr'>qui</span> <span class='ocrx_word' id='word_1_12' title='bbox 571 216 762 282; x_wconf 76' lang='lat' dir='ltr'>populabundi</span> <span class='ocrx_word' id='word_1_13' title='bbox 772 219 802 269; x_wconf 94' lang='lat' dir='ltr'>in</span> 
     </span>
     <span class='ocr_line' id='line_1_3' title="bbox 24 283 803 351; baseline 0.003 -16"><span class='ocrx_word' id='word_1_14' title='bbox 24 283 98 335; x_wconf 86' lang='lat' dir='ltr'>nibus</span> <span class='ocrx_word' id='word_1_15' title='bbox 111 283 243 335; x_wconf 82' lang='lat' dir='ltr'>Romanis</span> <span class='ocrx_word' id='word_1_16' title='bbox 253 285 435 351; x_wconf 82' lang='lat' dir='ltr'>vagabantur,</span> <span class='ocrx_word' id='word_1_17' title='bbox 446 286 480 337; x_wconf 90' lang='lat' dir='ltr'>ab</span> <span class='ocrx_word' id='word_1_18' title='bbox 491 287 522 336; x_wconf 80' lang='lat' dir='ltr'>A.</span> <span class='ocrx_word' id='word_1_19' title='bbox 534 285 678 337; x_wconf 89' lang='lat' dir='ltr'>Postumio</span> <span class='ocrx_word' id='word_1_20' title='bbox 689 286 803 338; x_wconf 89' lang='lat' dir='ltr'>consulo</span> 
     </span>
     <span class='ocr_line' id='line_1_4' title="bbox 24 353 802 422; baseline 0.003 -18"><span class='ocrx_word' id='word_1_21' title='bbox 24 368 54 404; x_wconf 87' lang='lat' dir='ltr'>ro</span> <span class='ocrx_word' id='word_1_22' title='bbox 65 353 157 405; x_wconf 88' lang='lat' dir='ltr'>millia</span> <span class='ocrx_word' id='word_1_23' title='bbox 172 361 200 405; x_wconf 93' lang='lat' dir='ltr'>et</span> <span class='ocrx_word' id='word_1_24' title='bbox 214 354 429 422; x_wconf 87' lang='lat' dir='ltr'>quadringentos</span> <span class='ocrx_word' id='word_1_25' title='bbox 445 370 552 407; x_wconf 89' lang='lat' dir='ltr'>caesos:</span> <span class='ocrx_word' id='word_1_26' title='bbox 575 365 696 407; x_wconf 87' lang='lat' dir='ltr'>ceteram</span> <span class='ocrx_word' id='word_1_27' title='bbox 712 356 802 406; x_wconf 90' lang='lat' dir='ltr'>multi-</span> 
     </span>
     <span class='ocr_line' id='line_1_5' title="bbox 24 423 803 492; baseline 0.004 -20"><span class='ocrx_word' id='word_1_28' title='bbox 24 423 135 484; x_wconf 82' lang='lat' dir='ltr'>rdinem,</span> <span class='ocrx_word' id='word_1_29' title='bbox 155 423 287 488; x_wconf 78' lang='lat' dir='ltr'>praedam</span> <span class='ocrx_word' id='word_1_30' title='bbox 299 432 441 491; x_wconf 88' lang='lat' dir='ltr'>agentem,</span> <span class='ocrx_word' id='word_1_31' title='bbox 461 440 532 492; x_wconf 91' lang='lat' dir='ltr'>quae</span> <span class='ocrx_word' id='word_1_32' title='bbox 540 424 669 476; x_wconf 88' lang='lat' dir='ltr'>inciderit</span> <span class='ocrx_word' id='word_1_33' title='bbox 680 425 710 475; x_wconf 90' lang='lat' dir='ltr'>in</span> <span class='ocrx_word' id='word_1_34' title='bbox 720 424 803 485; x_wconf 78' lang='lat' dir='ltr'>Quin·</span> 
     </span>
     <span class='ocr_line' id='line_1_6' title="bbox 24 493 802 560; baseline 0.001 -17"><span class='ocrx_word' id='word_1_35' title='bbox 24 493 94 554; x_wconf 83' lang='lat' dir='ltr'>ium,</span> <span class='ocrx_word' id='word_1_36' title='bbox 106 506 279 560; x_wconf 80' lang='lat' dir='ltr'>nequaquam</span> <span class='ocrx_word' id='word_1_37' title='bbox 292 497 355 560; x_wconf 87' lang='lat' dir='ltr'>pari</span> <span class='ocrx_word' id='word_1_38' title='bbox 366 495 524 547; x_wconf 79' lang='lat' dir='ltr'>defunctam</span> <span class='ocrx_word' id='word_1_39' title='bbox 535 510 594 546; x_wconf 90' lang='lat' dir='ltr'>esse</span> <span class='ocrx_word' id='word_1_40' title='bbox 607 495 703 546; x_wconf 85' lang='lat' dir='ltr'>caede:</span> <span class='ocrx_word' id='word_1_41' title='bbox 720 494 802 546; x_wconf 83' lang='lat' dir='ltr'>inter·</span> 
     </span>
     <span class='ocr_line' id='line_1_7' title="bbox 24 560 804 630; baseline 0.004 -18"><span class='ocrx_word' id='word_1_42' title='bbox 24 566 76 613; x_wconf 64' lang='lat' dir='ltr'>seta</span> <span class='ocrx_word' id='word_1_43' title='bbox 84 560 151 613; x_wconf 87' lang='lat' dir='ltr'>inde</span> <span class='ocrx_word' id='word_1_44' title='bbox 161 569 293 629; x_wconf 88' lang='lat' dir='ltr'>quattuor</span> <span class='ocrx_word' id='word_1_45' title='bbox 303 565 403 628; x_wconf 90' lang='lat' dir='ltr'>millia,</span> <span class='ocrx_word' id='word_1_46' title='bbox 422 571 459 627; x_wconf 92' lang='lat' dir='ltr'>et,</span> <span class='ocrx_word' id='word_1_47' title='bbox 478 563 653 630; x_wconf 88' lang='lat' dir='ltr'>exsequendo</span> <span class='ocrx_word' id='word_1_48' title='bbox 663 563 804 615; x_wconf 81' lang='lat' dir='ltr'>subtiliter</span> 
     </span>
     <span class='ocr_line' id='line_1_8' title="bbox 24 632 805 702; baseline 0.003 -19"><span class='ocrx_word' id='word_1_49' title='bbox 24 646 152 694; x_wconf 77' lang='lat' dir='ltr'>imorum,</span> <span class='ocrx_word' id='word_1_50' title='bbox 170 633 312 695; x_wconf 85' lang='lat' dir='ltr'>ducentos,</span> <span class='ocrx_word' id='word_1_51' title='bbox 327 635 375 696; x_wconf 93' lang='lat' dir='ltr'>ait,</span> <span class='ocrx_word' id='word_1_52' title='bbox 390 641 420 688; x_wconf 91' lang='lat' dir='ltr'>et</span> <span class='ocrx_word' id='word_1_53' title='bbox 430 635 553 702; x_wconf 81' lang='lat' dir='ltr'>triginta</span> <span class='ocrx_word' id='word_1_54' title='bbox 590 633 626 683; x_wconf 89' lang='lat' dir='ltr'>Ut</span> <span class='ocrx_word' id='word_1_55' title='bbox 636 632 805 685; x_wconf 87' lang='lat' dir='ltr'>Romamre·</span> 
     </span>
     <span class='ocr_line' id='line_1_9' title="bbox 24 701 806 765; baseline 0 -12"><span class='ocrx_word' id='word_1_56' title='bbox 24 702 90 753; x_wconf 85' lang='lat' dir='ltr'>itum</span> <span class='ocrx_word' id='word_1_57' title='bbox 106 708 134 753; x_wconf 92' lang='lat' dir='ltr'>et</span> <span class='ocrx_word' id='word_1_58' title='bbox 148 701 291 754; x_wconf 89' lang='lat' dir='ltr'>iustitium</span> <span class='ocrx_word' id='word_1_59' title='bbox 305 705 450 757; x_wconf 91' lang='lat' dir='ltr'>remissum</span> <span class='ocrx_word' id='word_1_60' title='bbox 467 710 522 765; x_wconf 91' lang='lat' dir='ltr'>est,</span> <span class='ocrx_word' id='word_1_61' title='bbox 544 703 651 754; x_wconf 74' lang='lat' dir='ltr'>esselum</span> <span class='ocrx_word' id='word_1_62' title='bbox 663 703 752 753; x_wconf 86' lang='lat' dir='ltr'>visum</span> <span class='ocrx_word' id='word_1_63' title='bbox 763 706 806 754; x_wconf 86' lang='lat' dir='ltr'>est</span> 
     </span>
     <span class='ocr_line' id='line_1_10' title="bbox 24 770 806 841; baseline 0.001 -19"><span class='ocrx_word' id='word_1_64' title='bbox 24 771 102 825; x_wconf 87' lang='lat' dir='ltr'>rdere</span> <span class='ocrx_word' id='word_1_65' title='bbox 111 770 231 838; x_wconf 90' lang='lat' dir='ltr'>plurimo</span> <span class='ocrx_word' id='word_1_66' title='bbox 243 774 316 839; x_wconf 80' lang='lat' dir='ltr'>igni3</span> <span class='ocrx_word' id='word_1_67' title='bbox 336 780 520 841; x_wconf 88' lang='lat' dir='ltr'>portentaque</span> <span class='ocrx_word' id='word_1_68' title='bbox 531 773 588 825; x_wconf 92' lang='lat' dir='ltr'>alia</span> <span class='ocrx_word' id='word_1_69' title='bbox 599 779 647 823; x_wconf 84' lang='lat' dir='ltr'>aut</span> <span class='ocrx_word' id='word_1_70' title='bbox 658 774 806 825; x_wconf 84' lang='lat' dir='ltr'>obversata</span> 
     </span>
     <span class='ocr_line' id='line_1_11' title="bbox 24 840 806 909; baseline 0.003 -18"><span class='ocrx_word' id='word_1_71' title='bbox 24 840 101 904; x_wconf 85' lang='lat' dir='ltr'>culis,</span> <span class='ocrx_word' id='word_1_72' title='bbox 116 848 165 893; x_wconf 91' lang='lat' dir='ltr'>aut</span> <span class='ocrx_word' id='word_1_73' title='bbox 174 858 260 895; x_wconf 83' lang='lat' dir='ltr'>vanas</span> <span class='ocrx_word' id='word_1_74' title='bbox 271 844 412 896; x_wconf 85' lang='lat' dir='ltr'>exterritis</span> <span class='ocrx_word' id='word_1_75' title='bbox 423 850 598 897; x_wconf 82' lang='lat' dir='ltr'>ostentavere</span> <span class='ocrx_word' id='word_1_76' title='bbox 608 842 725 909; x_wconf 88' lang='lat' dir='ltr'>species.</span> <span class='ocrx_word' id='word_1_77' title='bbox 752 843 806 894; x_wconf 85' lang='lat' dir='ltr'>llis</span> 
     </span>
     <span class='ocr_line' id='line_1_12' title="bbox 24 911 806 978; baseline 0.003 -15"><span class='ocrx_word' id='word_1_78' title='bbox 24 911 163 965; x_wconf 74' lang='lat' dir='ltr'>vertendis</span> <span class='ocrx_word' id='word_1_79' title='bbox 174 913 327 964; x_wconf 87' lang='lat' dir='ltr'>terroribus</span> <span class='ocrx_word' id='word_1_80' title='bbox 339 916 367 963; x_wconf 90' lang='lat' dir='ltr'>in</span> <span class='ocrx_word' id='word_1_81' title='bbox 375 913 499 964; x_wconf 90' lang='lat' dir='ltr'>triduum</span> <span class='ocrx_word' id='word_1_82' title='bbox 509 914 596 965; x_wconf 82' lang='lat' dir='ltr'>leriae</span> <span class='ocrx_word' id='word_1_83' title='bbox 605 913 737 975; x_wconf 80' lang='lat' dir='ltr'>indictae,</span> <span class='ocrx_word' id='word_1_84' title='bbox 756 927 806 978; x_wconf 88' lang='lat' dir='ltr'>per</span> 
     </span>
     <span class='ocr_line' id='line_1_13' title="bbox 24 981 806 1048; baseline 0 -15"><span class='ocrx_word' id='word_1_85' title='bbox 24 996 73 1033; x_wconf 88' lang='lat' dir='ltr'>uas</span> <span class='ocrx_word' id='word_1_86' title='bbox 85 981 181 1034; x_wconf 89' lang='lat' dir='ltr'>omnia</span> <span class='ocrx_word' id='word_1_87' title='bbox 192 983 307 1035; x_wconf 90' lang='lat' dir='ltr'>delubra</span> <span class='ocrx_word' id='word_1_88' title='bbox 317 998 415 1048; x_wconf 78' lang='lat' dir='ltr'>pacem</span> <span class='ocrx_word' id='word_1_89' title='bbox 425 983 506 1036; x_wconf 90' lang='lat' dir='ltr'>deum</span> <span class='ocrx_word' id='word_1_90' title='bbox 516 983 724 1048; x_wconf 78' lang='lat' dir='ltr'>exposcentium</span> <span class='ocrx_word' id='word_1_91' title='bbox 735 982 806 1033; x_wconf 79' lang='lat' dir='ltr'>viro·</span> 
     </span>
     <span class='ocr_line' id='line_1_14' title="bbox 24 1049 807 1119; baseline -0.003 -16"><span class='ocrx_word' id='word_1_92' title='bbox 24 1051 277 1119; x_wconf 81' lang='lat' dir='ltr'>ammulierumque</span> <span class='ocrx_word' id='word_1_93' title='bbox 288 1054 370 1104; x_wconf 90' lang='lat' dir='ltr'>turba</span> <span class='ocrx_word' id='word_1_94' title='bbox 380 1052 574 1119; x_wconf 86' lang='lat' dir='ltr'>implebantur.</span> <span class='ocrx_word' id='word_1_95' title='bbox 598 1049 732 1102; x_wconf 83' lang='lat' dir='ltr'>cohortes</span> <span class='ocrx_word' id='word_1_96' title='bbox 742 1050 807 1101; x_wconf 89' lang='lat' dir='ltr'>inde</span> 
     </span>
     <span class='ocr_line' id='line_1_15' title="bbox 24 1119 808 1191; baseline -0.006 -18"><span class='ocrx_word' id='word_1_97' title='bbox 24 1122 125 1174; x_wconf 80' lang='lat' dir='ltr'>atinae</span> <span class='ocrx_word' id='word_1_98' title='bbox 133 1121 326 1189; x_wconf 84' lang='lat' dir='ltr'>Hernicaeque</span> <span class='ocrx_word' id='word_1_99' title='bbox 337 1123 372 1175; x_wconf 89' lang='lat' dir='ltr'>ab</span> <span class='ocrx_word' id='word_1_100' title='bbox 383 1127 490 1184; x_wconf 88' lang='lat' dir='ltr'>senatu,</span> <span class='ocrx_word' id='word_1_101' title='bbox 502 1120 604 1191; x_wconf 82' lang='lat' dir='ltr'>gratiis</span> <span class='ocrx_word' id='word_1_102' title='bbox 615 1119 650 1170; x_wconf 89' lang='lat' dir='ltr'>ob</span> <span class='ocrx_word' id='word_1_103' title='bbox 661 1119 808 1184; x_wconf 75' lang='lat' dir='ltr'>impigram</span> 
     </span>
     <span class='ocr_line' id='line_1_16' title="bbox 24 1187 807 1255; baseline -0.006 -13"><span class='ocrx_word' id='word_1_104' title='bbox 24 1190 136 1243; x_wconf 69' lang='lat' dir='ltr'>cilitiam</span> <span class='ocrx_word' id='word_1_105' title='bbox 146 1193 224 1254; x_wconf 84' lang='lat' dir='ltr'>actis,</span> <span class='ocrx_word' id='word_1_106' title='bbox 238 1193 371 1245; x_wconf 86' lang='lat' dir='ltr'>remissae</span> <span class='ocrx_word' id='word_1_107' title='bbox 382 1194 489 1245; x_wconf 89' lang='lat' dir='ltr'>domos.</span> <span class='ocrx_word' id='word_1_108' title='bbox 525 1190 661 1255; x_wconf 77' lang='lat' dir='ltr'>Antiates,</span> <span class='ocrx_word' id='word_1_109' title='bbox 671 1187 748 1242; x_wconf 82' lang='lat' dir='ltr'>mille</span> <span class='ocrx_word' id='word_1_110' title='bbox 758 1188 807 1238; x_wconf 92' lang='lat' dir='ltr'>mi·</span> 
     </span>
     <span class='ocr_line' id='line_1_17' title="bbox 24 1261 807 1329; baseline 0.004 -17"><span class='ocrx_word' id='word_1_111' title='bbox 24 1268 83 1324; x_wconf 89' lang='lat' dir='ltr'>tes,</span> <span class='ocrx_word' id='word_1_112' title='bbox 103 1261 169 1329; x_wconf 91' lang='lat' dir='ltr'>quia</span> <span class='ocrx_word' id='word_1_113' title='bbox 183 1277 275 1313; x_wconf 85' lang='lat' dir='ltr'>serum</span> <span class='ocrx_word' id='word_1_114' title='bbox 295 1263 428 1314; x_wconf 85' lang='lat' dir='ltr'>auxilium</span> <span class='ocrx_word' id='word_1_115' title='bbox 443 1268 506 1329; x_wconf 89' lang='lat' dir='ltr'>post</span> <span class='ocrx_word' id='word_1_116' title='bbox 518 1261 656 1329; x_wconf 88' lang='lat' dir='ltr'>proelium</span> <span class='ocrx_word' id='word_1_117' title='bbox 666 1270 807 1326; x_wconf 82' lang='lat' dir='ltr'>venerunt,</span> 
     </span>
     <span class='ocr_line' id='line_1_18' title="bbox 24 1331 459 1452; baseline 0 -69"><span class='ocrx_word' id='word_1_118' title='bbox 24 1345 90 1452; x_wconf 38' lang='grc' dir='ltr'>τοῦ</span> <span class='ocrx_word' id='word_1_119' title='bbox 101 1346 164 1382; x_wconf 89' lang='lat' dir='ltr'>cum</span> <span class='ocrx_word' id='word_1_120' title='bbox 179 1331 333 1397; x_wconf 79' lang='lat' dir='ltr'>ignominia</span> <span class='ocrx_word' id='word_1_121' title='bbox 344 1331 459 1383; x_wconf 84' lang='lat' dir='ltr'>dimissi.</span> 
     </span>
    </p>

    <p class='ocr_par' dir='ltr' id='par_1_3' title="bbox 23 1399 830 2728">
     <span class='ocr_line' id='line_1_19' title="bbox 82 1399 807 1456; baseline 0.007 -5"><span class='ocrx_word' id='word_1_122' title='bbox 82 1399 104 1453; x_wconf 89' lang='lat' dir='ltr'>l.</span> <span class='ocrx_word' id='word_1_123' title='bbox 124 1401 243 1452; x_wconf 85' lang='lat' dir='ltr'>Comitia</span> <span class='ocrx_word' id='word_1_124' title='bbox 252 1402 317 1454; x_wconf 90' lang='lat' dir='ltr'>inde</span> <span class='ocrx_word' id='word_1_125' title='bbox 329 1400 434 1454; x_wconf 89' lang='lat' dir='ltr'>habita.</span> <span class='ocrx_word' id='word_1_126' title='bbox 471 1401 566 1454; x_wconf 77' lang='lat' dir='ltr'>creati</span> <span class='ocrx_word' id='word_1_127' title='bbox 577 1401 704 1454; x_wconf 88' lang='lat' dir='ltr'>consules</span> <span class='ocrx_word' id='word_1_128' title='bbox 715 1401 748 1454; x_wconf 91' lang='lat' dir='ltr'>L.</span> <span class='ocrx_word' id='word_1_129' title='bbox 756 1405 807 1456; x_wconf 80' lang='lat' dir='ltr'>Ae·</span> 
     </span>
     <span class='ocr_line' id='line_1_20' title="bbox 24 1469 807 1538; baseline 0.004 -16"><span class='ocrx_word' id='word_1_130' title='bbox 24 1470 106 1532; x_wconf 84' lang='lat' dir='ltr'>etius,</span> <span class='ocrx_word' id='word_1_131' title='bbox 116 1469 147 1523; x_wconf 91' lang='lat' dir='ltr'>P.</span> <span class='ocrx_word' id='word_1_132' title='bbox 158 1469 292 1522; x_wconf 76' lang='lat' dir='ltr'>Sensibus</span> <span class='ocrx_word' id='word_1_133' title='bbox 301 1470 436 1524; x_wconf 88' lang='lat' dir='ltr'>Kalendis</span> <span class='ocrx_word' id='word_1_134' title='bbox 446 1469 608 1535; x_wconf 85' lang='lat' dir='ltr'>Sextilibus,</span> <span class='ocrx_word' id='word_1_135' title='bbox 618 1478 650 1523; x_wconf 91' lang='lat' dir='ltr'>ut</span> <span class='ocrx_word' id='word_1_136' title='bbox 660 1478 725 1524; x_wconf 91' lang='lat' dir='ltr'>tunc</span> <span class='ocrx_word' id='word_1_137' title='bbox 735 1473 807 1538; x_wconf 87' lang='lat' dir='ltr'>prin·</span> 
     </span>
     <span class='ocr_line' id='line_1_21' title="bbox 24 1540 806 1609; baseline 0.004 -19"><span class='ocrx_word' id='word_1_138' title='bbox 24 1540 107 1608; x_wconf 59' lang='lat' dir='ltr'>,pium</span> <span class='ocrx_word' id='word_1_139' title='bbox 126 1540 192 1591; x_wconf 90' lang='lat' dir='ltr'>anni</span> <span class='ocrx_word' id='word_1_140' title='bbox 212 1542 356 1609; x_wconf 83' lang='lat' dir='ltr'>agebatur,</span> <span class='ocrx_word' id='word_1_141' title='bbox 378 1542 552 1593; x_wconf 85' lang='lat' dir='ltr'>consulatum</span> <span class='ocrx_word' id='word_1_142' title='bbox 572 1542 677 1597; x_wconf 86' lang='lat' dir='ltr'>ineunt.</span> <span class='ocrx_word' id='word_1_143' title='bbox 715 1542 806 1593; x_wconf 75' lang='lat' dir='ltr'>Grave</span> 
     </span>
     <span class='ocr_line' id='line_1_22' title="bbox 24 1608 807 1678; baseline -0.003 -14"><span class='ocrx_word' id='word_1_144' title='bbox 24 1624 113 1677; x_wconf 73' lang='lat' dir='ltr'>tmpus</span> <span class='ocrx_word' id='word_1_145' title='bbox 123 1615 152 1661; x_wconf 93' lang='lat' dir='ltr'>et</span> <span class='ocrx_word' id='word_1_146' title='bbox 172 1608 248 1662; x_wconf 84' lang='lat' dir='ltr'>forte</span> <span class='ocrx_word' id='word_1_147' title='bbox 268 1627 355 1662; x_wconf 86' lang='lat' dir='ltr'>annus</span> <span class='ocrx_word' id='word_1_148' title='bbox 371 1612 504 1678; x_wconf 89' lang='lat' dir='ltr'>pestilens</span> <span class='ocrx_word' id='word_1_149' title='bbox 515 1618 577 1664; x_wconf 84' lang='lat' dir='ltr'>erat</span> <span class='ocrx_word' id='word_1_150' title='bbox 590 1611 654 1663; x_wconf 91' lang='lat' dir='ltr'>urbi</span> <span class='ocrx_word' id='word_1_151' title='bbox 669 1612 807 1678; x_wconf 80' lang='lat' dir='ltr'>agrisque,</span> 
     </span>
     <span class='ocr_line' id='line_1_23' title="bbox 24 1679 807 1749; baseline -0.005 -15"><span class='ocrx_word' id='word_1_152' title='bbox 24 1696 53 1734; x_wconf 82' lang='lat' dir='ltr'>ee</span> <span class='ocrx_word' id='word_1_153' title='bbox 68 1679 227 1733; x_wconf 85' lang='lat' dir='ltr'>hominibus</span> <span class='ocrx_word' id='word_1_154' title='bbox 242 1682 345 1749; x_wconf 86' lang='lat' dir='ltr'>magis,</span> <span class='ocrx_word' id='word_1_155' title='bbox 367 1695 450 1748; x_wconf 90' lang='lat' dir='ltr'>quam</span> <span class='ocrx_word' id='word_1_156' title='bbox 466 1680 573 1748; x_wconf 91' lang='lat' dir='ltr'>pecori;</span> <span class='ocrx_word' id='word_1_157' title='bbox 593 1686 621 1732; x_wconf 89' lang='lat' dir='ltr'>et</span> <span class='ocrx_word' id='word_1_158' title='bbox 633 1696 736 1733; x_wconf 85' lang='lat' dir='ltr'>auxere</span> <span class='ocrx_word' id='word_1_159' title='bbox 749 1681 807 1731; x_wconf 77' lang='lat' dir='ltr'>vim</span> 
     </span>
     <span class='ocr_line' id='line_1_24' title="bbox 24 1749 807 1818; baseline 0.003 -17"><span class='ocrx_word' id='word_1_160' title='bbox 24 1749 105 1813; x_wconf 68' lang='lat' dir='ltr'>corbi,</span> <span class='ocrx_word' id='word_1_161' title='bbox 120 1755 228 1803; x_wconf 89' lang='lat' dir='ltr'>terrore</span> <span class='ocrx_word' id='word_1_162' title='bbox 238 1751 428 1818; x_wconf 86' lang='lat' dir='ltr'>populationis</span> <span class='ocrx_word' id='word_1_163' title='bbox 438 1751 584 1817; x_wconf 87' lang='lat' dir='ltr'>pecoribus</span> <span class='ocrx_word' id='word_1_164' title='bbox 597 1750 807 1818; x_wconf 82' lang='lat' dir='ltr'>agrestibusque</span> 
     </span>
     <span class='ocr_line' id='line_1_25' title="bbox 23 1818 807 1887; baseline 0 -16"><span class='ocrx_word' id='word_1_165' title='bbox 23 1818 142 1872; x_wconf 77' lang='lat' dir='ltr'>turbem</span> <span class='ocrx_word' id='word_1_166' title='bbox 156 1822 287 1887; x_wconf 86' lang='lat' dir='ltr'>acceptis.</span> <span class='ocrx_word' id='word_1_167' title='bbox 315 1822 358 1874; x_wconf 88' lang='lat' dir='ltr'>Ea</span> <span class='ocrx_word' id='word_1_168' title='bbox 369 1820 489 1872; x_wconf 87' lang='lat' dir='ltr'>colluvio</span> <span class='ocrx_word' id='word_1_169' title='bbox 501 1821 652 1871; x_wconf 79' lang='lat' dir='ltr'>mixtorum</span> <span class='ocrx_word' id='word_1_170' title='bbox 663 1819 751 1870; x_wconf 91' lang='lat' dir='ltr'>omnis</span> <span class='ocrx_word' id='word_1_171' title='bbox 761 1834 807 1885; x_wconf 84' lang='lat' dir='ltr'>ge·</span> 
     </span>
     <span class='ocr_line' id='line_1_26' title="bbox 24 1888 808 1953; baseline -0.008 -10"><span class='ocrx_word' id='word_1_172' title='bbox 24 1890 78 1943; x_wconf 89' lang='lat' dir='ltr'>eris</span> <span class='ocrx_word' id='word_1_173' title='bbox 89 1889 271 1942; x_wconf 85' lang='lat' dir='ltr'>animantium</span> <span class='ocrx_word' id='word_1_174' title='bbox 283 1895 312 1943; x_wconf 82' lang='lat' dir='ltr'>et</span> <span class='ocrx_word' id='word_1_175' title='bbox 322 1890 408 1941; x_wconf 91' lang='lat' dir='ltr'>odore</span> <span class='ocrx_word' id='word_1_176' title='bbox 418 1888 532 1939; x_wconf 88' lang='lat' dir='ltr'>insolito</span> <span class='ocrx_word' id='word_1_177' title='bbox 543 1888 674 1949; x_wconf 85' lang='lat' dir='ltr'>urbanos,</span> <span class='ocrx_word' id='word_1_178' title='bbox 690 1892 718 1938; x_wconf 89' lang='lat' dir='ltr'>et</span> <span class='ocrx_word' id='word_1_179' title='bbox 729 1902 808 1953; x_wconf 76' lang='lat' dir='ltr'>agre-</span> 
     </span>
     <span class='ocr_line' id='line_1_27' title="bbox 24 1955 807 2022; baseline -0.005 -11"><span class='ocrx_word' id='word_1_180' title='bbox 24 1974 84 2022; x_wconf 89' lang='lat' dir='ltr'>:em,</span> <span class='ocrx_word' id='word_1_181' title='bbox 96 1957 253 2011; x_wconf 77' lang='lat' dir='ltr'>confertum</span> <span class='ocrx_word' id='word_1_182' title='bbox 264 1961 295 2011; x_wconf 91' lang='lat' dir='ltr'>in</span> <span class='ocrx_word' id='word_1_183' title='bbox 305 1965 369 2010; x_wconf 90' lang='lat' dir='ltr'>arta</span> <span class='ocrx_word' id='word_1_184' title='bbox 379 1963 464 2019; x_wconf 88' lang='lat' dir='ltr'>tecta,</span> <span class='ocrx_word' id='word_1_185' title='bbox 479 1962 560 2009; x_wconf 85' lang='lat' dir='ltr'>aestu</span> <span class='ocrx_word' id='word_1_186' title='bbox 569 1971 603 2007; x_wconf 85' lang='lat' dir='ltr'>ec</span> <span class='ocrx_word' id='word_1_187' title='bbox 611 1955 714 2022; x_wconf 78' lang='lat' dir='ltr'>vigiliis</span> <span class='ocrx_word' id='word_1_188' title='bbox 724 1971 807 2021; x_wconf 83' lang='lat' dir='ltr'>ange·</span> 
     </span>
     <span class='ocr_line' id='line_1_28' title="bbox 24 2025 808 2095; baseline -0.009 -12"><span class='ocrx_word' id='word_1_189' title='bbox 24 2035 64 2092; x_wconf 84' lang='lat' dir='ltr'>at,</span> <span class='ocrx_word' id='word_1_190' title='bbox 84 2028 295 2095; x_wconf 89' lang='lat' dir='ltr'>ministeriaque</span> <span class='ocrx_word' id='word_1_191' title='bbox 308 2029 339 2078; x_wconf 91' lang='lat' dir='ltr'>in</span> <span class='ocrx_word' id='word_1_192' title='bbox 349 2027 437 2080; x_wconf 82' lang='lat' dir='ltr'>ricem</span> <span class='ocrx_word' id='word_1_193' title='bbox 451 2041 484 2077; x_wconf 85' lang='lat' dir='ltr'>ac</span> <span class='ocrx_word' id='word_1_194' title='bbox 498 2026 630 2093; x_wconf 85' lang='lat' dir='ltr'>contagio</span> <span class='ocrx_word' id='word_1_195' title='bbox 641 2025 808 2092; x_wconf 74' lang='lat' dir='ltr'>ipserulga·</span> 
     </span>
     <span class='ocr_line' id='line_1_29' title="bbox 24 2094 807 2153; baseline -0.006 0"><span class='ocrx_word' id='word_1_196' title='bbox 24 2102 70 2153; x_wconf 83' lang='lat' dir='ltr'>ant</span> <span class='ocrx_word' id='word_1_197' title='bbox 79 2098 201 2151; x_wconf 87' lang='lat' dir='ltr'>morbos.</span> <span class='ocrx_word' id='word_1_198' title='bbox 238 2097 295 2151; x_wconf 81' lang='lat' dir='ltr'>Vix</span> <span class='ocrx_word' id='word_1_199' title='bbox 303 2098 442 2151; x_wconf 87' lang='lat' dir='ltr'>instantes</span> <span class='ocrx_word' id='word_1_200' title='bbox 450 2095 651 2149; x_wconf 81' lang='lat' dir='ltr'>sustinentibus</span> <span class='ocrx_word' id='word_1_201' title='bbox 663 2094 755 2148; x_wconf 85' lang='lat' dir='ltr'>clades</span> <span class='ocrx_word' id='word_1_202' title='bbox 764 2110 807 2148; x_wconf 89' lang='lat' dir='ltr'>re·</span> 
     </span>
     <span class='ocr_line' id='line_1_30' title="bbox 24 2167 806 2236; baseline -0.008 -14"><span class='ocrx_word' id='word_1_203' title='bbox 24 2174 84 2222; x_wconf 85' lang='lat' dir='ltr'>ente</span> <span class='ocrx_word' id='word_1_204' title='bbox 104 2168 195 2236; x_wconf 80' lang='lat' dir='ltr'>legati</span> <span class='ocrx_word' id='word_1_205' title='bbox 210 2168 327 2221; x_wconf 87' lang='lat' dir='ltr'>Hernici</span> <span class='ocrx_word' id='word_1_206' title='bbox 342 2167 485 2231; x_wconf 83' lang='lat' dir='ltr'>nuntiant,</span> <span class='ocrx_word' id='word_1_207' title='bbox 506 2167 537 2218; x_wconf 90' lang='lat' dir='ltr'>in</span> <span class='ocrx_word' id='word_1_208' title='bbox 552 2181 619 2235; x_wconf 77' lang='lat' dir='ltr'>agro</span> <span class='ocrx_word' id='word_1_209' title='bbox 634 2180 685 2218; x_wconf 82' lang='lat' dir='ltr'>suo</span> <span class='ocrx_word' id='word_1_210' title='bbox 695 2167 806 2234; x_wconf 80' lang='lat' dir='ltr'>Aequos</span> 
     </span>
     <span class='ocr_line' id='line_1_31' title="bbox 24 2236 806 2305; baseline -0.001 -15"><span class='ocrx_word' id='word_1_211' title='bbox 24 2237 177 2305; x_wconf 77' lang='lat' dir='ltr'>&#39;sucosque</span> <span class='ocrx_word' id='word_1_212' title='bbox 193 2238 348 2289; x_wconf 81' lang='lat' dir='ltr'>coniunctis</span> <span class='ocrx_word' id='word_1_213' title='bbox 365 2238 454 2303; x_wconf 88' lang='lat' dir='ltr'>copiis</span> <span class='ocrx_word' id='word_1_214' title='bbox 470 2243 563 2291; x_wconf 86' lang='lat' dir='ltr'>castra</span> <span class='ocrx_word' id='word_1_215' title='bbox 582 2236 721 2304; x_wconf 81' lang='lat' dir='ltr'>posuisse:</span> <span class='ocrx_word' id='word_1_216' title='bbox 741 2237 806 2289; x_wconf 87' lang='lat' dir='ltr'>inde</span> 
     </span>
     <span class='ocr_line' id='line_1_32' title="bbox 24 2307 806 2375; baseline -0.005 -16"><span class='ocrx_word' id='word_1_217' title='bbox 24 2307 128 2360; x_wconf 80' lang='lat' dir='ltr'>sercitu</span> <span class='ocrx_word' id='word_1_218' title='bbox 139 2307 246 2375; x_wconf 80' lang='lat' dir='ltr'>ingenti</span> <span class='ocrx_word' id='word_1_219' title='bbox 256 2308 326 2361; x_wconf 86' lang='lat' dir='ltr'>lines</span> <span class='ocrx_word' id='word_1_220' title='bbox 336 2323 402 2359; x_wconf 88' lang='lat' dir='ltr'>suos</span> <span class='ocrx_word' id='word_1_221' title='bbox 416 2307 588 2375; x_wconf 91' lang='lat' dir='ltr'>depopulari.</span> <span class='ocrx_word' id='word_1_222' title='bbox 607 2307 806 2372; x_wconf 88' lang='lat' dir='ltr'>Praeterquam</span> 
     </span>
     <span class='ocr_line' id='line_1_33' title="bbox 24 2374 805 2444; baseline -0.006 -16"><span class='ocrx_word' id='word_1_223' title='bbox 24 2376 76 2429; x_wconf 90' lang='lat' dir='ltr'>uod</span> <span class='ocrx_word' id='word_1_224' title='bbox 87 2376 247 2444; x_wconf 82' lang='lat' dir='ltr'>infrequens</span> <span class='ocrx_word' id='word_1_225' title='bbox 257 2384 371 2430; x_wconf 89' lang='lat' dir='ltr'>senatus</span> <span class='ocrx_word' id='word_1_226' title='bbox 382 2376 486 2429; x_wconf 89' lang='lat' dir='ltr'>indicio</span> <span class='ocrx_word' id='word_1_227' title='bbox 499 2384 558 2431; x_wconf 84' lang='lat' dir='ltr'>eret</span> <span class='ocrx_word' id='word_1_228' title='bbox 568 2378 659 2439; x_wconf 87' lang='lat' dir='ltr'>sociis,</span> <span class='ocrx_word' id='word_1_229' title='bbox 674 2374 805 2427; x_wconf 87' lang='lat' dir='ltr'>afflictam</span> 
     </span>
     <span class='ocr_line' id='line_1_34' title="bbox 24 2447 803 2513; baseline -0.005 -16"><span class='ocrx_word' id='word_1_230' title='bbox 24 2447 143 2498; x_wconf 64' lang='lat' dir='ltr'>,vitatem</span> <span class='ocrx_word' id='word_1_231' title='bbox 155 2448 315 2513; x_wconf 86' lang='lat' dir='ltr'>pestilentia</span> <span class='ocrx_word' id='word_1_232' title='bbox 325 2463 395 2509; x_wconf 86' lang='lat' dir='ltr'>esse,</span> <span class='ocrx_word' id='word_1_233' title='bbox 407 2454 542 2500; x_wconf 89' lang='lat' dir='ltr'>maestum</span> <span class='ocrx_word' id='word_1_234' title='bbox 549 2447 633 2499; x_wconf 88' lang='lat' dir='ltr'>etiam</span> <span class='ocrx_word' id='word_1_235' title='bbox 640 2458 803 2513; x_wconf 86' lang='lat' dir='ltr'>responsum</span> 
     </span>
     <span class='ocr_line' id='line_1_35' title="bbox 24 2515 804 2598; baseline -0.01 -29"><span class='ocrx_word' id='word_1_236' title='bbox 24 2516 103 2569; x_wconf 85' lang='lat' dir='ltr'>dero:</span> <span class='ocrx_word' id='word_1_237' title='bbox 119 2525 152 2568; x_wconf 82' lang='lat' dir='ltr'>ut</span> <span class='ocrx_word' id='word_1_238' title='bbox 157 2533 208 2583; x_wconf 87' lang='lat' dir='ltr'>per</span> <span class='ocrx_word' id='word_1_239' title='bbox 219 2534 246 2570; x_wconf 81' lang='lat' dir='ltr'>ee</span> <span class='ocrx_word' id='word_1_240' title='bbox 257 2517 309 2585; x_wconf 77' lang='lat' dir='ltr'>ipsi</span> <span class='ocrx_word' id='word_1_241' title='bbox 320 2517 434 2569; x_wconf 81' lang='lat' dir='ltr'>Hernici</span> <span class='ocrx_word' id='word_1_242' title='bbox 443 2515 624 2598; x_wconf 46' lang='lat' dir='ltr'>crcinspatins&#39;e</span> <span class='ocrx_word' id='word_1_243' title='bbox 634 2530 677 2565; x_wconf 78' lang='lat' dir='ltr'>rsa</span> <span class='ocrx_word' id='word_1_244' title='bbox 688 2527 752 2564; x_wconf 79' lang='lat' dir='ltr'>suas</span> <span class='ocrx_word' id='word_1_245' title='bbox 762 2521 804 2562; x_wconf 79' lang='lat' dir='ltr'>tu·</span> 
     </span>
     <span class='ocr_line' id='line_1_36' title="bbox 24 2579 803 2641; baseline -0.009 -3"><span class='ocrx_word' id='word_1_246' title='bbox 24 2595 136 2639; x_wconf 80' lang='lat' dir='ltr'>srsntur.</span> <span class='ocrx_word' id='word_1_247' title='bbox 175 2584 272 2639; x_wconf 85' lang='lat' dir='ltr'>Urbem</span> <span class='ocrx_word' id='word_1_248' title='bbox 282 2588 434 2641; x_wconf 73' lang='lat' dir='ltr'>Bostrenum</span> <span class='ocrx_word' id='word_1_249' title='bbox 454 2587 543 2638; x_wconf 80' lang='lat' dir='ltr'>substa</span> <span class='ocrx_word' id='word_1_250' title='bbox 558 2585 636 2634; x_wconf 85' lang='lat' dir='ltr'>deum</span> <span class='ocrx_word' id='word_1_251' title='bbox 653 2581 698 2633; x_wconf 77' lang='lat' dir='ltr'>ira</span> <span class='ocrx_word' id='word_1_252' title='bbox 713 2579 803 2633; x_wconf 75' lang='lat' dir='ltr'>morbo</span> 
     </span>
     <span class='ocr_line' id='line_1_37' title="bbox 24 2652 830 2728; baseline -0.002 -21"><span class='ocrx_word' id='word_1_253' title='bbox 24 2654 136 2724; x_wconf 70' lang='lat' dir='ltr'>speclari.</span> <span class='ocrx_word' id='word_1_254' title='bbox 165 2655 198 2708; x_wconf 79' lang='lat' dir='ltr'>Si</span> <span class='ocrx_word' id='word_1_255' title='bbox 208 2673 261 2726; x_wconf 84' lang='lat' dir='ltr'>qua</span> <span class='ocrx_word' id='word_1_256' title='bbox 271 2657 328 2712; x_wconf 82' lang='lat' dir='ltr'>eius</span> <span class='ocrx_word' id='word_1_257' title='bbox 340 2656 404 2712; x_wconf 76' lang='lat' dir='ltr'>raeti</span> <span class='ocrx_word' id='word_1_258' title='bbox 415 2656 489 2728; x_wconf 80' lang='lat' dir='ltr'>quies</span> <span class='ocrx_word' id='word_1_259' title='bbox 500 2652 648 2719; x_wconf 78' lang='lat' dir='ltr'>ueniet,ut</span> <span class='ocrx_word' id='word_1_260' title='bbox 659 2666 734 2708; x_wconf 78' lang='lat' dir='ltr'>anno</span> <span class='ocrx_word' id='word_1_261' title='bbox 745 2656 830 2705; x_wconf 57' lang='lat' dir='ltr'>autea</span> 
     </span>
    </p>
   </div>
   <div class='ocr_carea' id='block_1_3' title="bbox 117 2718 171 2821">
    <p class='ocr_par' dir='ltr' id='par_1_4' title="bbox 117 2718 171 2821">
     <span class='ocr_line' id='line_1_38' title="bbox 117 2718 171 2821; baseline 0 0"><span class='ocrx_word' id='word_1_262' title='bbox 117 2718 171 2821; x_wconf 69' lang='grc' dir='ltr'><em>δ</em></span> 
     </span>
    </p>
   </div>
   <div class='ocr_carea' id='block_1_4' title="bbox 0 0 937 2978">
    <p class='ocr_par' dir='ltr' id='par_1_5' title="bbox 0 0 937 2978">
     <span class='ocr_line' id='line_1_39' title="bbox 0 0 937 2978; baseline 0 0"><span class='ocrx_word' id='word_1_263' title='bbox 0 0 937 2978; x_wconf 95' lang='lat' dir='ltr'> </span> 
     </span>
    </p>
   </div>
  </div>
 </body>
</html>
