1860 2978
47 185 121 238 Lrn.
136 184 188 240 IV.
207 189 280 240 Cur.
291 186 316 242 1.
336 189 379 256 [U.
391 190 534 246 c.510.A.
546 190 656 258 omn]

28 313 39 354 t,
47 302 162 360 propter
172 294 359 346 crudelitatem
370 296 403 346 ab
414 296 535 347 exercitu
546 297 647 347 occisus
658 307 705 348 est.

28 362 100 413 dium
116 380 149 414 cx
165 364 274 415 aerario
290 374 347 415 tom
354 364 472 432 priunum
484 365 615 417 militibus
627 367 719 418 dutum

34 442 184 498 praeterea
195 443 289 502 gestau
306 436 432 497 aduersus
448 433 568 499 Volscos,
588 444 615 487 et
625 434 736 488 Fidenm

28 500 275 556 ‘'cliscorcontt'net.
469 503 473 509 '

265 644 512 668 *ι-

64 758 107 831 T.
147 761 322 834 lell
360 760 694 838 PATAVINI

222 901 429 962 niuno
472 903 556 962 tv..

28 1062 52 1100 rs
72 1051 162 1101 secuti
181 1049 221 1103 M.
243 1049 383 1102 Genucius
409 1052 487 1103 etc.
511 1053 622 1104 curtius
644 1053 780 1105 consules.

28 1123 142 1171 tonnus
158 1119 236 1172 domi
253 1120 375 1187 forisque
385 1119 512 1172 infestus.
548 1119 621 1172 Nam
632 1121 698 1172 enni
727 1121 782 1172 rin·

28 1190 96 1240 'oet
111 1188 145 1241 de
162 1190 299 1243 connubio
309 1189 424 1240 Petrum
442 1195 471 1241 et
485 1188 574 1255 plebis
590 1191 620 1242 C.
632 1136 781 1241 Canuioius

29 1270 100 1311 unus
110 1258 200 1325 plebis
211 1260 387 1327 rogationem
398 1259 603 1326 promulgarit3
624 1273 678 1327 que
689 1263 782 1309 contn-

28 1326 76 1378 ueri
95 1329 258 1396 sanguinem
280 1344 360 1380 suum
381 1328 493 1391 Patres,
517 1328 703 1395 confundique
720 1326 784 1378 iuro

28 1395 99 1446 tium
109 1398 255 1450 rebantur:
279 1404 307 1451 et
316 1399 433 1461 mentio,
454 1398 546 1466 primo
559 1399 662 1451 sensim
672 1396 758 1451 illota
763 1410 784 1461 ,ι

32 1465 108 1528 unis,
130 1473 163 1518 ut
180 1467 299 1520 alterum
312 1483 346 1520 ex
356 1468 438 1536 plebe
448 1469 591 1522 consulem
602 1469 701 1521 liceret
712 1466 782 1530 fleri,

38 1535 166 1588 troccssit
187 1536 299 1601 deinde,
318 1544 349 1590 ut
362 1538 539 1606 rogationem
555 1554 656 1592 novem
677 1537 783 1589 tribuni

44 1604 192 1670 iulgamnt,
215 1607 359 1676 Utpopulo
366 1616 491 1677 potestas
501 1618 579 1670 emet,
599 1626 645 1662 seu
657 1606 782 1675 depleb‘c,

50 1672 206 1727 sPatribse
220 1680 312 1740 uellet,
332 1681 451 1733 consules
461 1678 599 1798 gtctendt.
635 1678 666 1730 ld
677 1692 744 1729 sero
758 1678 783 1728 si

57 1778 63 1803 ,
75 1757 129 1795 non
140 1744 251 1812 vulgari
262 1746 346 1797 modo
358 1762 420 1799 cum
431 1748 459 1798 in
481 1747 599 1810 mis,sed
610 1757 782 1813 prorsusnu·

65 1827 83 1864 e
102 1813 270 1880 primoribus
287 1815 323 1866 erl
340 1816 463 1882 plebem,
484 1831 620 1867 summum
634 1816 782 1883 imperium

67 1888 133 1934 sunt.
170 1882 254 1937 Laeti
275 1899 343 1952 ergo
359 1885 472 1936 audiere
485 1884 598 1948 Patres,
617 1884 781 1937 Ardeatium

73 1966 106 2003 uu
127 1952 161 2002 ob
181 1953 314 2005 iniuriam
336 1955 399 2020 agri
417 1952 572 2005 abiudicati
593 1952 728 2015 descisse,
754 1960 782 2006 et

79 2036 107 2073 es
119 2020 304 2090 depopulatos
315 2028 442 2074 extrema
453 2024 514 2091 agri
525 2021 660 2084 Romani,
679 2027 708 2073 et
717 2019 782 2072 Vol

87 2105 210 2157 quosque
230 2093 265 2143 ob
277 2092 475 2145 communitam
487 2090 672 2158 Verruginem
682 2090 783 2143 freme-

92 2174 109 2211 o
124 2160 170 2211 vel
180 2160 279 2213 infelix
294 2162 399 2214 bellum
414 2160 620 2229 ignominiosae
630 2160 693 2229 paci
703 2174 777 2229 prae·

95 2234 109 2280 ὲ.
122 2229 176 2280 His
185 2230 281 2297 itaque
292 2231 322 2281 in
331 2233 422 2283 maius
433 2232 518 2284 etiam
531 2232 663 2300 acceptis,
670 2237 703 2282 ut
708 2232 781 2283 inter

102 2313 121 2348 n
136 2304 181 2350 tot
198 2300 337 2351 bellorum
354 2301 572 2354 conticescerent
593 2303 717 2354 notiones
731 2302 780 2352 tri·

121 2367 245 2420 delectus
256 2366 362 2432 haberi,
380 2371 483 2423 bellum
495 2386 626 2439 armaque
636 2372 664 2422 vi
675 2383 781 2421 summe

125 2437 236 2504 iubent3
256 2439 281 2489 si
302 2454 355 2506 quo
372 2440 506 2492 intentius
522 2442 627 2507 possit,
647 2453 730 2506 quam
746 2438 771 2486 T

127 2509 240 2561 consule
251 2515 414 2576 apparatum
424 2511 469 2562 sit.
506 2513 579 2562 'l'um
591 2511 621 2559 c.
632 2503 781 2559 Canuleius

125 2583 220 2628 senotu
234 2579 418 2642 uociferatus,
437 2579 613 2645 nequicquam
627 2573 781 2645 territando

131 2654 229 2699 uertere
238 2649 341 2715 plebem
351 2664 368 2701 a
378 2665 445 2701 cura
456 2662 585 2701 novarum
595 2647 697 2714 legum:
714 2659 781 2697 nun·

143 2730 171 2767 se
187 2715 246 2769 sico
260 2719 388 2771 delectum
403 2717 559 2782 lealituror,
578 2723 729 2781 antequem
747 2727 796 2767 eus
