1860 2978
102 39 222 86 ΜΗ.
291 39 432 87 nrm-30.
451 39 778 99 [U.C.5s›4.a.u.588·j
812 39 864 84 339

57 132 175 194 quentes
184 122 249 190 loci,
259 124 407 179 condidere
416 125 527 179 urbem
538 126 729 179 Mediolanum
740 128 863 195 appella-

56 202 132 248 runt.

113 263 229 316 XX'XV.
247 264 310 314 Alia
321 264 439 316 subinde
450 280 547 316 manus
560 267 789 328 Cenomanorum,
807 267 865 317 Eli-

60 335 139 386 tonio
150 335 219 385 duce
232 335 349 400 vestigia
359 335 482 399 priorum
493 341 598 397 secuta,
617 337 714 387 eodem
726 338 808 398 saltu,
825 337 865 388 fa·

59 405 303 464 venteBelloveso,
316 419 397 469 quum
409 405 722 472 transcendissetrllpes‚
734 408 781 458 ubi
793 423 866 458 nune

61 474 160 526 Brixia
176 490 208 524 ae
218 473 330 523 Verona
344 474 515 537 arbensem,
538 475 628 538 (loeus
642 483 758 528 tenuere
769 477 864 538 Libui)

61 543 223 596 considunt:
236 548 299 608 post
309 541 359 593 lios
371 542 496 606 Salluvii,
503 559 588 611 prope
599 547 741 612 antiquam
754 553 865 612 gentem

60 614 171 666 laevos
186 611 320 678 Ligures,
340 612 496 666 incolentes
512 614 586 667 eirea
602 615 731 666 Ticinum
747 630 864 668 amnem.

60 682 168 735 Penino
185 681 285 733 deinde
296 681 360 731 Boii
370 682 565 750 Lingonesque
575 687 758 752 transgressi,
781 701 866 752 quum

60 754 118 804 iam
128 752 202 803 inter
211 750 317 802 Padum
327 757 410 818 atque
420 752 504 818 Alpes
515 754 609 804 omnin
618 759 793 815 tenerentur,
814 755 866 806 Pa·

59 823 98 873 do
110 822 219 873 ratibus
229 821 361 882 traiecto,
381 836 437 872 non
447 822 579 873 Etruscos
593 823 692 884 modo,
711 823 762 875 sed
778 824 865 875 etiam

59 891 192 954 Umbros,
212 889 410 959 agropellunt:
428 892 504 943 intra
513 892 685 957 Apenninum
695 897 789 944 tamen
802 908 865 943 sese

60 969 186 1013 tenuere.
219 962 240 1011 Ἰ
246 974 293 1011 um
304 958 436 1022 Senones,
447 961 631 1013 recentissimi
642 960 818 1023 advenarum,
829 962 865 1011 ab

61 1031 163 1083 Utente
171 1026 284 1081 flumine
296 1026 427 1096 usquead
436 1030 530 1081 Aesim
542 1032 610 1083 lines
620 1029 751 1082 habuere.
783 1031 866 1080 Hane

61 1105 173 1169 gentem
188 1098 325 1160 Clusium,
346 1098 516 1166 Romamque
530 1099 609 1161 inde,
627 1099 737 1152 senune
754 1114 864 1166 eonspe-

59 1170 119 1222 rioz
139 1169 169 1221 id
179 1183 276 1234 parum
285 1174 393 1221 eertum
403 1174 461 1231 est,
483 1168 621 1230 solemne,
643 1184 679 1221 ns
690 1170 725 1221 ab
736 1170 863 1220 omnibus

61 1237 268 1304 cisalpinorum
282 1237 430 1290 Gallorum
449 1239 561 1305 populis
579 1239 713 1291 adiutam.
748 1240 864 1303 Clusini,
884 1250 887 1255 ·

62 1322 135 1361 novo
145 1306 220 1359 bello
229 1307 367 1371 exterriti,
388 1322 472 1374 quum
482 1309 699 1372 multitudinem,
714 1326 797 1377 quum
808 1310 863 1360 for·

60 1393 122 1433 nens
137 1374 282 1431 hominum
299 1377 458 1430 invisitatas
473 1388 618 1432 cernerent
631 1385 660 1432 et
674 1396 760 1448 genus
774 1394 865 1432 srmo-

61 1462 132 1510 rum,
151 1445 342 1515 audirentque,
357 1463 440 1515 saepe
450 1449 485 1500 ab
495 1450 542 1511 iis,
557 1451 599 1503 eis
608 1449 715 1503 Pedum
725 1451 864 1517 ultraque,

61 1517 187 1586 legiones
196 1516 380 1575 Etruseorum
390 1518 481 1583 fissas,
501 1535 658 1587 quanquam
669 1520 801 1571 adversus
811 1520 865 1571 Ro·

61 1601 160 1639 manos
169 1586 277 1639 nullum
287 1587 321 1639 iis
331 1587 375 1639 ius
390 1589 533 1641 sodetffls
544 1590 721 1640 amicitiaeve
732 1595 806 1652 erat,
825 1590 866 1639 ni·

61 1657 88 1709 si
104 1655 177 1724 quod
192 1654 324 1709 Veientes
347 1657 566 1722 erimanguineos
582 1657 715 1709 adsersus
730 1659 864 1724 populum

60 1728 216 1779 Romanurn
227 1742 283 1777 non
293 1724 492 1788 defendissent,
501 1726 613 1790 legatos
623 1726 749 1786 Romam,
761 1726 808 1792 qui
819 1740 866 1774 au-

59 1796 163 1849 xilium
174 1796 209 1849 ab
219 1801 318 1849 senatu
328 1800 464 1861 peterent,
478 1794 588 1845 misere.
624 1793 668 1845 De
678 1795 783 1844 auxilio
794 1791 866 1843 nihil

59 1871 239 1894 ...mennam
268 1864 354 1894 damnet
367 1870 424 1894 ean.
434 1863 466 1894 M
484 1862 564 1894 mut
580 1863 702 1895 induunt-i
714 1863 764 1894 altr
777 1862 853 1894 miani
