1860 2978
30 148 166 204 ΜΒΝ.
185 150 367 206 csr.42.43.
390 152 509 220 [U.C.3'.

30 299 32 312 ,
51 258 270 320 convaluissent,
290 277 317 310 se
328 270 424 312 vestem
434 279 494 313 curn
506 281 518 314 e

30 330 169 393 intensius,
188 327 248 380 Non
259 329 367 392 videbit,
382 331 478 395 inquit,
494 336 523 398 pt

30 408 67 449 tot
79 399 201 451 tribunos
212 415 281 450 satos.
296 397 325 448 C.
333 400 518 467 Sempronium
528 426 532 453 l

31 468 80 520 hoe
90 468 168 520 estin
178 468 291 535 imperio
302 478 465 534 conteratur,
477 479 508 522 ut
517 480 539 522 tc

30 538 95 589 ilus.
121 537 181 589 Nec
191 539 283 604 pietas
294 544 428 605 quattuor
437 539 545 592 tribuno

30 608 76 659 rsii
88 613 145 658 tam
157 606 295 672 placabile
305 608 341 659 ad
350 608 440 660 iustas
450 624 545 676 preces

30 677 118 745 *plebi
128 676 312 744 Patribusque
323 678 432 746 gratior
445 679 506 733 tuit.
542 680 557 732 b

29 762 57 800 aa
65 747 168 814 Aequis
182 747 313 811 indulsit,
332 749 379 815 qui
395 749 554 818 ambiguam

30 832 98 869 trum
110 831 162 883 pro
172 831 223 868 sua
234 818 356 884 amplexi
370 818 491 872 fuerant.

51 886 150 938 XLlll·
177 886 308 939 Proximo
328 903 400 939 anno
420 888 454 941 N.
473 888 562 941 Fabio

30 956 130 1021 inctio,
144 957 297 1024 Capitolini
307 958 377 1021 filio,
393 959 550 1025 Capitolino
562 975 585 1011 ct

30 1025 592 1095 tFabii‚cuisorteeaprorlnciaevenerat,

32 1103 143 1149 moratu
154 1103 255 1150 actum.
283 1100 375 1160 Quum
384 1105 428 1149 tre
447 1097 523 1148 idam
533 1103 595 1149 tant

30 1172 49 1219 lt
60 1167 147 1219 aciem
157 1167 251 1234 Aequi,
265 1167 342 1234 turpi
350 1166 419 1235 fuga
461 1166 590 1230 nduntur,

30 1237 111 1288 usulis
126 1236 241 1291 decore:
261 1238 358 1304 itaque
372 1235 528 1304 triumphus
550 1252 611 1306 nega

30 1321 47 1356 n
63 1307 99 1357 ob
113 1304 332 1372 Sempronianae
353 1306 442 1359 cladis
461 1307 582 1359 levatam
601 1310 619 1376 iq

29 1390 115 1426 ovans
130 1376 226 1427 urbem
239 1377 372 1440 intrarat,
393 1386 553 1429 concessum
564 1382 615 1430 est.

33 1443 98 1495 dum
108 1444 211 1496 bellum
222 1446 337 1509 minore,
358 1458 441 1514 quam
456 1446 618 1510 timuerant,

39 1517 93 1564 erat
102 1513 271 1581 perfectum,
291 1515 376 1567 sicin
388 1516 456 1568 urbo
466 1531 500 1568 ex
515 1516 637 1584 tranquil

45 1584 151 1635 imolas
168 1582 368 1636 discordiarum
383 1585 455 1639 inter
468 1586 576 1654 plebem
593 1585 643 1638 acl

61 1659 113 1716 est,
134 1659 235 1719 coepta
246 1655 281 1706 ab
292 1654 461 1722 duplicando
473 1662 645 1722 quaestorum

58 1738 76 1773 n
92 1737 161 1784 rem,
182 1726 233 1785 (ut,
254 1730 366 1791 praeter
386 1725 456 1775 duos
477 1726 599 1777 urbanos
618 1738 645 1790 qr

65 1791 212 1844 consulibus
226 1793 261 1844 ad
275 1793 432 1845 ministeria
445 1793 516 1844 belli
529 1798 642 1861 praesto

72 1862 144 1914 libus
159 1862 291 1924 relatam,
313 1876 396 1928 quum
409 1868 439 1914 et
448 1860 545 1913 Patres
559 1875 645 1913 summ

78 1936 160 1995 ceant,
181 1932 340 1983 consulibus
350 1930 556 1996 tribuniplebis
568 1934 645 1982 certa

86 2036 89 2051 .
109 2006 141 2052 ut
150 2015 216 2068 pars
227 2004 405 2066 quaestorum
415 2003 491 2062 (narn
502 1998 537 2050 ad
548 1998 577 2050 id
586 2003 643 2050 tem

92 2070 131 2121 ati
151 2074 245 2132 erant)
266 2067 402 2136 explebe
422 2068 512 2123 fieret.
546 2068 645 2122 adven

97 2155 123 2190 m
137 2139 225 2207 primo
237 2143 266 2191 et
277 2138 404 2192 consules
415 2146 444 2192 et
453 2138 551 2193 Patres
561 2153 645 2191 summ

103 2215 124 2259 t:
146 2208 322 2261 concedendo
334 2208 444 2273 deinde,
456 2217 497 2274 ut,
516 2209 645 2279 quemadr

112 2279 253 2330 consulari
263 2283 406 2347 potestate
416 2280 542 2334 creandis
551 2280 596 2332 usi
606 2295 645 2332 sur

117 2350 290 2401 uaestoribos
305 2348 423 2402 liberum
439 2356 513 2403 esset
526 2351 644 2404 arbitriu

124 2431 185 2469 rum
205 2420 385 2486 proficerent,
413 2425 503 2472 totam
524 2435 583 2473 rem
604 2420 640 2471 de

130 2500 163 2536 *pm
179 2503 294 2542 nurnero
309 2490 449 2543 omittunt.
485 2490 635 2557 Excipiunt

137 2556 233 2624 ineque
243 2559 368 2623 subinde,
379 2560 453 2614 inter
460 2574 528 2628 quas
537 2566 565 2611 et
574 2572 645 2626 agra

158 2627 283 2681 actiones
303 2630 453 2683 exsistunt:
474 2633 589 2695 propter
606 2642 645 2694 qu

149 2702 189 2751 tus
201 2699 338 2768 consules,
348 2715 434 2773 quam
441 2699 645 2821 mmgsifw
