1860 2978
10 40 155 75 ww.
212 40 327 45 .......
530 46 581 57 ,.

61 124 65 129 .
125 82 787 177 nasson-‚aa-[ncsnanaai
816 105 867 160 sao

60 214 143 266 millo
159 213 248 264 creati
261 212 368 263 tribuni
383 211 504 263 militnm
523 211 663 262 consulari
679 216 817 276 potestate
833 211 866 263 L.

60 283 166 334 Furius
177 281 349 333 Medullinus
360 287 477 342 sextum,
493 282 523 331 C.
534 281 677 342 Aemilius,
693 281 726 331 L.
737 280 867 331 Valerius

60 351 219 412 Publicola,
231 351 275 416 Sp.
288 351 455 411 Postumius,
467 350 496 401 P.
508 351 650 401 Cornelius
662 351 770 402 iterum.
792 351 867 400 Prin-

64 422 140 487 cipio
157 421 221 470 anni
236 422 446 486 tribuniplebis
462 419 531 469 nibil
546 427 704 481 moverunt,
727 421 813 471 donoc
828 419 867 469 M.

62 491 168 542 Furius
174 491 309 541 Camillus
319 490 347 539 in
354 490 491 552 Faliscos,
503 490 548 541 cui
558 490 586 540 id
595 490 699 541 bellum
710 490 869 540 mandatum

64 564 142 622 erat,
161 560 394 626 proficisceretur.
433 559 599 611 Dilierendo
622 559 720 611 deinde
742 558 869 625 elanguit

62 645 125 683 reo:
146 634 176 679 et
186 628 306 681 camillo
312 665 321 691 ,
341 644 423 696 quem
433 629 623 681 adversarium
634 629 754 681 maxime
765 639 868 680 metue-

62 701 151 759 bant,
168 696 260 764 gloria
275 700 304 748 in
313 698 433 750 Faliscis
449 700 545 765 crevit.
581 698 666 761 Nam,
686 713 769 766 quum
779 698 867 764 primo

64 765 211 819 moenibus
221 781 252 817 se
262 765 357 819 hostes
368 775 503 831 tenerent,
521 769 693 821 tutissimum
703 769 733 819 id
743 769 806 829 rati,
821 780 869 832 po·

64 836 213 904 pulatione
232 849 363 902 agrorum
381 845 465 901 atque
478 839 616 891 incendiis
632 839 762 889 villarum
777 835 869 902 coegit

64 921 116 958 eos
132 904 227 974 egredi
240 905 324 968 urbe3
343 903 394 957 sed
409 905 494 955 timor
509 909 618 972 longius
632 907 764 974 progredi
777 903 869 970 prohi-

62 975 137 1026 buit.
171 973 254 1027 Mille
264 972 325 1026 fere
340 989 470 1040 passuum
489 973 524 1023 ab
540 973 643 1039 oppido
660 979 752 1024 castra
762 973 870 1036 locant3

64 1043 145 1097 nulla
155 1058 186 1095 re
196 1043 253 1095 alia
263 1043 418 1096 fidentes-ea
427 1043 496 1094 satis
507 1047 649 1104 tutaesse,
660 1058 741 1109 quam
753 1042 869 1094 difficul-

65 1119 127 1167 tate
142 1112 249 1176 aditus,
270 1114 376 1180 asperis
388 1111 615 1179 confragosisque
628 1112 714 1173 (εἰναι,
728 1117 757 1163 et
767 1111 870 1178 partim

65 1182 148 1246 artis,
162 1183 267 1250 partim
277 1183 372 1233 arduis
383 1184 447 1229 viis.
483 1183 612 1234 Ceterum
623 1181 767 1244 Camillus,
782 1179 870 1247 capti·

66 1268 133 1303 vum
145 1251 267 1303 indicem
282 1264 318 1302 ex
327 1249 403 1317 agris
417 1251 651 1310 secutusducem‚
665 1251 771 1301 eastris
781 1249 870 1301 multo

67 1320 255 1384 noetomotis,
274 1319 366 1387 prima
374 1318 437 1370 luce
447 1317 591 1384 aliquanto
600 1317 789 1385 superioribus
798 1318 869 1369 locis

68 1405 100 1443 se
118 1389 250 1457 ostendit.
287 1387 439 1440 Tritariam
459 1387 580 1441 Romani
598 1388 769 1440 muniebant:
796 1389 868 1440 alius

68 1458 210 1525 exercitus
220 1458 330 1526 proelio
342 1461 463 1511 intentus
474 1458 578 1511 stabat.
601 1458 644 1513 lbi
652 1458 787 1527 impedire
799 1472 869 1526 opus

68 1533 186 1583 conomt
196 1526 292 1581 hostes
306 1523 396 1581 tundit
409 1526 557 1598 fugatque3
575 1522 737 1598 tantumque
747 1529 812 1582 inde
822 1543 870 1595 pa·

68 1597 270 1653 votholiscis
280 1599 413 1653 iniectum
421 1605 473 1663 est,
482 1605 523 1662 ut,
532 1597 621 1653 effusa
629 1600 698 1667 fuga
709 1605 801 1653 castra
808 1613 869 1658 sua,

24 1683 27 1688 ·
69 1684 141 1738 quae
151 1670 286 1737 propiora
296 1676 384 1732 erant,
395 1670 524 1736 praelati,
532 1670 629 1722 urbem
639 1675 784 1737 peterent..
795 1666 870 1719 Mul·
897 1686 902 1692 ·

68 1739 180 1806 ti'caesi
187 1739 392 1806 vulneratique,
413 1743 570 1805 priusquam
582 1745 715 1806 paventes
730 1739 820 1805 portis
829 1737 870 1787 in·

44 1852 47 1857 ,
69 1808 203 1879 uiderent.
219 1836 223 1841 -
240 1810 339 1860 Castra
357 1814 455 1872 capta;
475 1808 581 1873 praeda
598 1808 639 1859 ad
648 1814 811 1875 quaestores
826 1821 868 1856 re·

69 1878 154 1932 decta
160 1876 458 1946 ‚cummagnamilitum
466 1877 524 1939 ira3
534 1875 593 1938 sed,
603 1877 752 1929 teneritate
760 1873 872 1941 imperii

68 1949 151 2010 nied,
172 1948 290 2001 eandem
306 1947 438 1998 virtutem
452 1951 482 1998 et
496 1944 630 2010 oderant,
648 1951 678 1999 et
687 1945 868 1997 mirabantur.

68 2016 191 2071 Obsidio:
196 2017 263 2069 inde
279 2014 370 2079 urbis,
389 2022 418 2069 et
428 2014 618 2080 munitiones,
631 2020 660 2068 et
671 2014 809 2067 interdum
820 2026 870 2079 per

69 2086 244 2143 ocoadonom
260 2087 382 2154 impetus
396 2084 598 2154 oppidanorum
615 2085 645 2138 in
657 2085 798 2138 Romanas
813 2086 871 2133 sta-

68 2157 168 2223 tiones,-
182 2156 345 2224 proeliaque
354 2171 441 2226 parra
449 2156 523 2209 uem
538 2162 568 2210 et
578 2157 633 2209 terl
641 2161 758 2223 tompus,
768 2158 868 2206 neutro

67 2226 277 2294 inclinataspm
299 2241 383 2293 quum
396 2224 566 2279 numentum
581 2227 735 2294 copiaeque
751 2223 825 2276 aliae
835 2234 872 2274 ex

66 2300 135 2347 ante
148 2302 281 2351 convecto
294 2295 401 2364 largius
418 2297 552 2360 obsessio,
571 2310 655 2365 quum
669 2291 871 2352 obsidentibus,

68 2369 257 2430 suppeterent.
279 2364 491 2434 videbaturque·
500 2382 592 2435 aeque
601 2367 748 2418 diuturnus
759 2361 869 2414 futurus

67 2433 159 2495 labor,
174 2448 209 2487 ao
217 2432 295 2487 Veiis
305 2434 421 2501 taisson
434 2436 586 2490 nifortuna
595 2433 759 2503 imperatori
768 2431 869 2483 Roma·

67 2517 106 2557 no
117 2502 202 2555 simul
212 2508 242 2557 et
252 2506 381 2572 cognitae
389 2507 472 2561 rebus
486 2508 598 2561 bellicis
606 2504 720 2558 virtutis
730 2499 870 2569 specimen

69 2581 99 2626 et
108 2579 246 2626 maturam
254 2574 545 2632 victoriamdodisoot.

117 2642 237 2717 XXVII.
254 2644 320 2699 Mos
330 2646 530 2714 moralium,
550 2645 650 2701 eodem
658 2638 881 2711 usquamne·
