1860 2978
115 113 188 164 hia.
198 111 253 164 111.
272 113 346 165 cnr.
356 109 400 164 61.
410 110 454 164 62.
472 111 620 180 [acuet.
631 114 664 166 A.
673 113 780 183 alla]
815 110 866 170 215

60 217 171 270 ammos
180 216 303 267 nlilitum
313 215 350 267 ad
361 216 555 269 aemulandum
566 216 650 268 decus
659 217 794 271 accendit.
808 219 866 270 lam

58 285 199 338 Horatius
209 300 265 348 eos,
282 285 491 337 excursionibus
503 285 673 349 sufficiendo,
695 287 865 354 proeliisque

58 357 170 408 levibus
186 354 356 420 experiundo
377 355 563 407 assuefecerat
582 357 636 406 sibi
657 356 750 423 potius
771 357 865 419 fidere,

60 442 144 492 quam
157 425 313 477 meminisse
323 425 493 492 ignominiae
503 424 812 477 decemvirorumductu
824 442 866 477 ac·

60 502 175 562 ceptae3
195 508 334 562 parvaque
349 495 546 545 certaminum
560 510 695 546 summam
706 496 792 546 totius
804 510 866 561 pro·

59 564 188 617 fecerant
205 565 273 631 spei.
309 562 369 615 Nec
381 564 526 614 cessabant
536 561 645 627 Sabini,
666 561 775 617 feroces
786 566 821 616 ab
836 580 867 616 re

59 634 155 702 priore
165 647 237 684 anno
246 635 317 685 bene
329 639 417 699 gesta,
428 632 566 685 lacessere
577 637 661 700 atque
671 634 784 698 instare,
792 634 867 700 rogi·

58 709 167 767 tantas,
189 701 263 767 Quid
275 702 416 756 latrocinii
430 703 506 755 medo
518 711 712 772 procursantes
726 704 812 771 pauci
827 719 868 755 re·

59 781 252 842 currentesque
262 780 382 826 tererent
393 782 506 841 tempus,
517 781 545 826 et
554 773 584 826 iss
593 775 680 826 multa
688 773 795 842 praelia
800 789 868 841 par·

58 858 144 911 eaque
159 852 304 911 carperent
318 858 448 896 summam
461 843 650 896 uniusdellii·
668 841 741 907 Quin
751 843 794 895 illi
809 859 868 896 ean·

56 913 243 1037 {laedergntur
253 913 321 976 asie,
339 912 574 983 inclinandamque
584 914 802 986 semeifartunae
811 928 868 964 ran

95 989 158 1035 tent
381 1018 384 1022 -

114 1050 201 1103 LXII.
229 1048 271 1103 nd
286 1048 324 1115 id,
345 1051 420 1120 quod
435 1067 487 1103 sua
506 1061 605 1119 sponte
625 1052 695 1102 satis
717 1050 868 1102 collectum

59 1122 219 1175 animorum
229 1127 303 1184 erat,
323 1121 490 1189 indignitate
507 1122 593 1172 etiam
603 1119 723 1171 Romani
739 1117 869 1170 accende·

58 1195 171 1245 bantur.
208 1189 268 1242 lam
288 1191 404 1242 alterum
419 1190 568 1243 exereitum
586 1190 715 1242 victorem
731 1186 761 1241 in
776 1187 878 1258 urbem·

57 1261 213 1315 rediturum
219 1276 231 1321 ‚·
250 1258 302 1311 sibi
313 1261 385 1312 uitro
396 1274 448 1326 per
458 1259 633 1311 contumelias
644 1258 745 1310 instem
754 1256 870 1310 insulta·

57 1349 106 1385 res
126 1329 232 1398 quando
242 1337 334 1382 autem
345 1345 385 1390 se,
406 1328 430 1378 si
440 1336 497 1378 tum
508 1327 641 1390 nausiet,
657 1343 740 1395 pares
750 1326 869 1380 hostibus

54 1401 141 1477 foret
157 1399 211 1452 Ubi
220 1396 289 1451 haec
299 1398 418 1449 fremere
428 1397 547 1450 militem
558 1397 587 1448 in
595 1397 694 1448 castris
702 1397 798 1449 consul
809 1413 868 1448 sen·

59 1472 107 1533 sit,
118 1470 252 1523 concione
263 1466 412 1530 advocata,
431 1466 666 1532 Quemadmodum,
676 1467 774 1536 inquit,
785 1467 814 1520 in
824 1467 870 1518 ΑΙ-

55 1541 125 1612 gs'da
136 1556 180 1592 res
187 1546 267 1621 gesta
277 1536 323 1601 ss't,
337 1535 458 1589 arbitror
469 1553 523 1602 aas,
532 1537 641 1601 milites,
651 1537 765 1591 audisse.
797 1536 869 1602 Qua-

60 1614 113 1664 tea
123 1609 203 1663 sum
210 1607 306 1677 papuli
316 1607 463 1660 exereitum
474 1607 563 1660 decuit
574 1624 637 1672 esse,
648 1608 797 1681 talissuit:
808 1624 868 1659 con·

60 1682 135 1734 suita
155 1679 287 1747 collegae,
318 1675 421 1730 virtute
441 1677 559 1729 militum
579 1678 697 1729 uictoria
712 1688 799 1745 parta
820 1685 868 1728 est.

62 1749 144 1814 Quod
160 1748 198 1801 ad
215 1763 256 1799 me
276 1746 385 1809 attinet,
404 1747 435 1798 id
452 1746 559 1799 consilii
576 1747 712 1813 animique
724 1746 868 1798 habiturus

59 1835 129 1882 suar,
149 1818 221 1887 quod
229 1832 273 1868 uos
284 1816 349 1867 anilii
360 1814 517 1884 effeceritis.
552 1814 592 1867 Et
603 1815 679 1868 trahi
688 1816 784 1868 bellum
796 1817 867 1867 salu-

61 1888 163 1953 briter,
182 1894 211 1941 et
228 1894 334 1939 mature
351 1885 451 1966 persia
465 1894 566 1952 potest.
598 1884 635 1943 ,Si
650 1883 810 1936 tradendum
821 1890 868 1947 est,

60 1975 126 2029 ega,
145 1965 177 2010 ut
190 1957 221 2011 in
232 1955 286 2008 dies
301 1970 360 2022 spes
373 1963 513 2021 uirtusque
527 1961 617 2005 uestra
629 1961 748 2016 creseat,
769 1953 869 2016 eadem,

60 2044 117 2096 aas
133 2025 257 2089 institui,
277 2022 421 2092 disciplina
433 2022 561 2090 efficiam.
600 2022 696 2095 diiam
707 2022 775 2074 satis
785 2021 870 2074 animi

61 2105 112 2163 est,
121 2096 280 2166 humique
286 2097 389 2164 placet,
403 2092 550 2162 agitedum,
561 2094 713 2157 clamorem,
723 2095 829 2161 qualem
838 2091 869 2148 in

61 2166 121 2222 acie
130 2165 268 2220 sublaturi
279 2164 352 2226 estis,
372 2163 459 2217 tollite
470 2162 521 2226 die,
534 2162 649 2215 indicem
658 2163 807 2218 uoluntatis
816 2163 870 2215 oir-

61 2237 183 2304 tutisque
192 2245 307 2289 uestrae.
325 2233 476 2303 Postquam
485 2233 595 2303 ingenti
606 2233 752 2288 alacritate
763 2235 871 2287 clamor

62 2312 106 2359 est
117 2304 254 2368 sublatum,
276 2302 355 2368 Quod
364 2302 428 2357 dene
438 2312 531 2357 uertat
537 2339 546 2368 ,
564 2312 705 2374 gesturum
716 2321 743 2357 se
753 2305 808 2357 illis
818 2318 871 2354 mo-

61 2391 134 2437 rem,
151 2383 312 2443 posteroque
326 2373 369 2426 die
383 2373 412 2427 ia
427 2374 510 2427 aciem
529 2375 720 2437 deductus-sess,
741 2372 871 2424 affirmas

62 2445 214 2511 Reliquum
235 2443 291 2496 diei
315 2445 483 2512 apparandis
502 2444 586 2497 armis
608 2447 799 2508 consumptum
819 2445 871 2492 est.

64 2514 182 2567 Postero
196 2511 242 2566 die
252 2514 336 2566 simul
350 2516 451 2567 instrui
461 2515 615 2568 Romanam
627 2513 715 2564 aciem
726 2508 822 2561 Sabini
831 2509 872 2560 ri·

64 2583 140 2649 dere,
163 2589 191 2638 et
207 2583 270 2650 ipsi,
291 2584 473 2652 iampridem
492 2585 567 2637 avidi
588 2580 756 2642 certaminis,
776 2592 870 2645 proce·

64 2652 146 2708 dunt.
181 2653 324 2707 Proelium
342 2653 405 2720 fuit,
425 2655 509 2718 quale
529 2655 603 2706 inter
622 2650 744 2704 fidentes
761 2648 887 2700 sinimus
