1860 2978
129 124 211 176 ura.
221 123 243 175 1.
262 122 347 175 cnr.
357 122 400 176 ss.
409 122 453 176 sc.
473 124 556 191 [uc.
568 140 625 175 220.
643 125 675 175 A.
689 124 718 174 c.
730 122 798 190 rra]
832 125 866 177 oa

10 238 18 283 t
63 246 101 294 re,
115 229 195 297 quod
204 230 349 295 utriusque
359 229 456 295 populi
465 230 539 281 vires
549 236 653 292 nosset,
666 229 814 296 sciretque,
828 231 869 282 in·

10 306 17 329 t
64 300 151 351 risam
160 298 291 365 profecto
302 299 462 364 superbiam
472 301 580 366 regiam
592 300 697 352 civibus
705 315 775 361 esse,
785 314 868 364 quam

10 377 30 433 1,·
62 368 185 423 ferreae
196 368 281 419 liberi
291 368 402 435 quidem
417 371 583 435 potuissent.
618 370 662 420 lta
672 384 754 435 quum
764 371 869 421 sensim

10 446 17 489 t
62 440 96 491 ad
107 437 307 491 rebellandum
318 439 455 504 primores
466 439 636 490 Gabinorum
647 440 787 502 incitaret,
806 440 868 506 ipse

10 517 19 551 1
61 524 123 561 cum
135 507 359 576 promptissimis
368 509 497 560 iuvenum
508 509 673 576 praedatum
688 514 771 575 atque
781 510 811 558 in
823 525 868 560 ex·

10 584 22 621 ῐ·
36 606 41 634 r
94 578 224 631 ditiones
233 578 298 640 iret,
308 584 337 629 et
348 577 431 629 dictis
442 578 578 646 factisque
590 579 716 631 omnibus
728 578 868 630 odiallen-

10 654 23 691 1
78 664 127 701 um
140 647 294 699 instructis
310 663 383 699 vana
399 655 568 701 accresceret
584 649 665 712 fidos,
685 647 741 700 dux
757 648 794 701 ad
804 649 869 699 ulti·

10 722 36 791 ἔῃ
59 734 136 771 mum
156 716 232 769 belli
251 717 363 783 legitur.
400 719 442 770 lbi
462 734 553 786 quum,
571 719 662 770 inscia
682 719 868 781 multitudiue,

10 788 38 845 *t
61 787 128 857 quid
139 792 283 855 ageretur,
293 787 400 853 proelia
410 802 497 854 parra
506 788 868 855 interRomamGabiosque

10 864 29 897 5·
60 860 169 920 fierent,
185 855 288 923 quibus
298 856 459 924 plerumque
469 858 579 909 Gabina
589 874 633 911 res
644 859 770 924 superior
781 866 868 923 esset3

10 932 31 975 23
62 934 120 981 tum
130 926 267 995 certatim
279 926 380 977 summi
387 926 529 994 infimique
540 928 710 981 Gabinorum
720 928 783 980 Sex.
799 930 869 979 Tar·

10 986 43 1065 ,ῖ-
63 997 189 1066 quinium
210 995 286 1047 dono
309 996 391 1049 deum
412 998 467 1048 sibi
489 998 602 1048 missum
626 997 724 1049 ducem
745 997 869 1050 eredere.

10 1072 45 1119 Ψ.
65 1066 141 1135 dpud
150 1064 262 1118 milites
272 1082 338 1119 vero
350 1066 478 1119 obeundo
497 1067 624 1135 pericula
634 1084 667 1118 ac
677 1068 803 1130 labores,
822 1082 870 1132 po·

10 1140 37 1203 ¹!
65 1138 133 1191 riter
142 1135 280 1203 medam
291 1138 420 1189 munifice
431 1137 590 1205 largiendo,
609 1143 688 1188 tanta
699 1137 819 1188 caritate
829 1152 871 1188 es·

10 1210 36 1245 Ι·
66 1223 98 1271 ss,
112 1212 217 1259 utnon
226 1213 308 1272 pater
318 1209 488 1274 Tarquinius
499 1208 642 1275 potentior
651 1208 765 1270 Romae,
786 1222 870 1276 quam

10 1278 36 1325 Ι,
65 1278 137 1329 ilius
147 1274 251 1329 Gabiis
266 1283 349 1330 esset.
385 1279 495 1345 ltaque,
517 1284 664 1346 postquam
679 1278 751 1330 satis
766 1278 869 1330 virium

10 1348 34 1381 ¹·
67 1346 259 1401 collectumad
270 1362 365 1399 omnes
377 1358 493 1399 conatus
503 1348 624 1409 ridebat,
633 1349 868 1400 tumesuisunum

10 1418 32 1455 Ἰ
91 1417 241 1469 'scitatum
256 1417 374 1469 Romam
389 1418 425 1469 ad
446 1424 554 1485 patrem
572 1417 672 1480 mittit,
691 1417 823 1487 quidnam
838 1433 869 1470 se

10 1489 31 1523 ¹·
89 1502 154 1541 cere
166 1485 271 1539 velleii
291 1488 522 1556 quandoquidem,
541 1494 574 1539 ut
584 1488 758 1541 omniaunus
768 1489 869 1541 Gabiis

10 1556 28 1589 ¹
64 1564 165 1625 posset,
184 1557 213 1609 ei
224 1556 267 1608 dii
278 1556 428 1611 dedissent.
463 1558 537 1610 Huic
547 1559 658 1621 nuntio,
678 1560 754 1626 quia,
775 1557 869 1618 credo,

10 1625 24 1689 Γ
66 1628 164 1680 dubiae
183 1626 253 1678 fidei
270 1626 427 1692 ridebatur,
453 1627 523 1680 nihil
542 1644 615 1681 roco
631 1642 794 1696 responsum
816 1632 869 1679 est.

10 1694 22 1727 ¹
65 1697 131 1759 Rex,
143 1696 223 1747 reiut
228 1696 470 1758 deliberabundus,
482 1699 511 1750 in
522 1697 869 1756 bortumaediumtransit,

10 1763 19 1799 ⁸
65 1771 196 1835 sequente
206 1769 306 1819 nuntio
317 1768 383 1820 filiis
395 1770 442 1832 ibi,
451 1769 627 1823 inambulans
639 1770 752 1831 tacitus,
762 1781 871 1818 summa

10 1852 16 1867 ¹
64 1850 234 1904 papaverum
245 1838 452 1904 capitadicitur
472 1838 746 1892 baculodeeussisse.
783 1837 870 1885 lnter-

10 1901 15 1935 ⁸
64 1904 192 1974 rogando
203 1908 445 1975 exspectandoque
459 1923 625 1974 responsum
640 1906 754 1955 nuntius
769 1904 869 1963 fessus,

10 1982 29 2019 '.
63 1981 94 2026 ut
108 1992 141 2029 re
154 1976 335 2043 imperfecta,
357 1979 429 2029 rodit
445 1979 566 2039 Gabios3
586 1988 656 2042 quae
674 1973 780 2025 dixerit
799 1973 870 2039 ipse,

10 2052 13 2063 '
64 2061 190 2112 quaeque
200 2046 316 2109 viderit,
329 2047 428 2099 refert:
443 2063 491 2098 seu
501 2048 553 2107 ira,
568 2060 618 2096 seu
630 2044 704 2106 odio,
714 2060 764 2097 seu
774 2057 869 2111 super·

10 2122 14 2132 '
62 2114 110 2167 bie
119 2114 208 2167 insita
216 2115 341 2183 ingenio,
352 2117 456 2167 nullam
467 2131 530 2168 eum
541 2130 638 2167 vocem
649 2114 782 2168 emisisse.
802 2114 868 2167 Sex-

10 2180 12 2205 ²
62 2189 91 2236 to
103 2184 161 2245 ubi,
176 2184 245 2251 quid
256 2185 341 2237 veliet
352 2200 460 2251 parens,
476 2185 575 2252 quidve
586 2186 760 2255 praeciperet
772 2185 868 2238 tacitis

10 2270 13 2281 ·
63 2254 244 2321 ambagibus,
264 2255 371 2321 patuit3
390 2257 526 2323 primores
538 2254 675 2319 civitatis,
696 2253 868 2309 criminando

10 2328 13 2340 '
63 2324 136 2375 alios
146 2324 221 2390 apud
233 2324 373 2391 populum,
390 2326 461 2377 alios
472 2341 522 2377 sua
531 2327 607 2393 ipsos
618 2327 727 2380 invidia
736 2330 869 2392 opportu-

61 2408 113 2445 nos
123 2393 277 2445 interemit.
314 2395 399 2446 Multi
410 2397 518 2461 palam3
534 2397 655 2463 quidam,
669 2397 700 2447 in
711 2397 811 2462 quibus
819 2389 869 2438 mi·

10 2480 12 2491 ⁸
61 2477 114 2513 aus
126 2462 258 2530 speciosa
269 2465 426 2516 criminatio
437 2472 496 2516 erat
507 2465 617 2532 futura,
637 2457 885 2518 ciaminterieot'n.

10 2547 13 2571 ·
61 2531 162 2584 Potuit
178 2533 341 2599 quibusdam
358 2537 520 2593 volentibus
536 2539 627 2612 fuga,
646 2545 702 2591 aut
715 2538 753 2587 in
761 2526 910 2583 sudrim

10 2608 12 2613 ’
55 2602 116 2649 soti
122 2606 197 2681 sunt,
208 2603 424 2679 absentiumque
437 2612 616 2669 bonaiuxta
621 2600 926 2682 atqueinsenemeb‘·

40 2680 104 2716 111111
116 2667 223 2722 dmoni
237 2672 327 2733 fuere.
369 2684 571 2745 Larwitionis
585 2686 666 2743 iude
683 2675 897 2752 pir-QG&
923 2692 929 2699 '

67 2732 98 2781 Τ,
112 2734 173 2786 [dr¹
191 2741 263 2796 '1'0p1¹
279 2749 299 2802 Ι.
433 2730 454 2759 ‘³
679 2759 719 2813 E
