1860 2978
127 108 460 165 nra.1.·csr.1s.1e.
477 72 776 181 [casanova]
829 112 862 167 21

10 257 15 265 ‚
105 218 170 273 XV.
195 218 275 270 Belli
292 217 435 269 Fidenatis
455 218 620 284 contagione
639 221 746 273 irritati
766 220 865 273 Veien-

10 334 12 341 .
63 289 124 341 tium
136 288 235 350 animi,
247 292 282 339 et
293 285 542 355 consanguinitate,
555 292 629 350 (narn
639 290 788 343 Fidenates
799 306 866 358 quo·

63 375 110 427 que
119 357 240 410 Etrusci
249 357 373 419 fuerunt)
389 364 417 409 ct
429 357 503 425 quod
518 359 579 424 ipsa
592 361 785 427 propinquitas
801 360 866 423 loci,

63 429 220 481 siRomana
230 442 309 479 arma
320 427 447 479 omnibus
456 425 560 479 infesta
571 428 694 479 finitimis
705 436 806 493 essent,
818 431 867 480 sti·

61 498 194 549 nutabat.
230 496 342 549 lniines
353 497 493 549 Romanos
503 505 730 562 excucurrerunt,
752 500 867 566 popula·

62 567 146 621 bundi
156 566 260 632 magis,
277 581 359 633 quam
368 566 437 617 iusti
449 582 527 619 more
536 567 614 619 belli.
650 568 748 636 Itaque
758 584 813 620 non
824 584 867 620 ca·

63 637 125 689 stris
134 635 249 703 posius,
254 651 309 687 non
315 642 474 702 exspectato
482 634 604 688 hostium
614 639 747 701 exercitu,
758 645 867 705 raptam

61 706 186 772 oxagsis
201 706 335 771 praedam
349 712 506 773 portantes,
526 704 613 758 Veios
626 706 746 759 rediere:
767 708 868 759 Roma·

38 828 46 855 e
62 792 110 827 sus
126 780 242 837 contra,
264 782 411 842 postquam
425 774 534 828 hostem
546 774 575 826 io
589 778 665 843 agris
680 792 735 828 non
753 777 869 837 invenit,

63 844 244 897 dimicationi
253 844 366 897 ultimae
377 847 529 897 instructus
539 847 726 913 intentusque,
742 846 869 897 Tiberim

62 914 174 967 transit.
211 914 300 976 Quem
310 921 456 982 postquam
467 921 559 966 castro
568 931 679 983 ponere,
691 922 719 967 et
730 914 766 966 ad
773 917 869 967 urbem

62 997 244 1035 accessurum
256 981 388 1036 Veientes
409 984 552 1047 audirere3
574 985 683 1036 obviam
701 985 817 1051 egressi,
837 988 871 1035 ut

61 1053 157 1120 potius
167 1052 229 1103 acie
240 1051 429 1115 decemerent,
451 1068 535 1120 quam
544 1054 647 1104 inclusi
659 1052 787 1119 detectis
797 1066 872 1101 mos·

61 1122 199 1188 nibusquo
210 1121 382 1174 dimicarent.
418 1123 467 1183 lbi,
482 1122 588 1172 viribus
599 1123 677 1171 nulla
687 1126 748 1193 arte
759 1119 871 1181 adiutis,

62 1198 174 1243 tanaim
183 1192 312 1243 veterani
320 1192 422 1242 roboro
433 1190 573 1241 exercitus
582 1190 779 1240 rchomanus
791 1188 872 1239 vicitt

62 1266 282 1327 persecutusque
296 1260 374 1311 fusos
389 1259 426 1311 ad
439 1257 551 1308 moenia
566 1255 673 1320 hostes,
692 1260 761 1310 urbe
777 1257 873 1310 valida

10 1356 14 1389 ι
62 1329 151 1381 muris
167 1344 202 1380 ac
218 1330 276 1379 situ
294 1329 358 1393 ipso
374 1328 482 1377 munito
495 1326 641 1377 abstinuit:
661 1342 745 1396 agros
760 1328 871 1380 rediens

10 1412 17 1459 ἱ
62 1402 165 1460 restat,
174 1396 331 1447 ulciscendi
340 1397 443 1461 magis,
454 1410 535 1461 quam
546 1396 677 1461 praedae,
688 1397 789 1449 studio.
817 1398 872 1449 Ea-

10 1496 18 1531 ,
63 1482 115 1535 que
125 1466 218 1528 clade,
233 1463 307 1516 baud
317 1466 408 1516 minus
420 1479 501 1530 quam
514 1464 632 1515 adversa
641 1481 743 1533 pugna,
760 1466 872 1519 subacti

10 1566 21 1603 q
62 1536 196 1589 Veientes
217 1549 315 1600 pacem
335 1534 453 1600 petitum
472 1539 598 1584 oratores
611 1534 729 1587 Romam
744 1537 870 1588 mitttmt.

10 1636 21 1669 p
61 1606 130 1673 Agri
144 1608 226 1673 parte
235 1603 360 1654 multatis
372 1604 401 1654 in
412 1608 522 1653 centum
534 1617 621 1653 annos
636 1602 762 1656 indutiae
776 1606 870 1658 datae.

10 1703 23 1737 ῃ
62 1675 145 1728 Haec
156 1674 255 1735 ferme,
271 1673 390 1723 Romulo
401 1678 544 1739 regnante,
556 1671 631 1722 domi
641 1674 814 1742 militiaeque
824 1691 871 1742 ge·

10 1773 26 1807 q
63 1750 122 1795 sta:
146 1757 266 1809 quorum
278 1740 349 1792 nihil
360 1741 493 1793 absonum
504 1740 570 1792 fidei
581 1741 691 1795 divinae
704 1745 818 1811 originis
830 1743 871 1794 di·

10 1810 27 1875 ,ι’
63 1812 248 1878 visitatisque
263 1817 327 1877 post
340 1816 457 1862 mortem
469 1810 592 1862 creditae
603 1810 670 1875 iuit;
692 1828 747 1863 non
762 1815 871 1864 animus

10 1910 26 1945 m
63 1882 91 1935 in
109 1895 201 1949 regno
222 1881 297 1931 avito
317 1878 520 1947 recuperando,
540 1894 596 1928 non
616 1881 775 1932 condendae
795 1881 871 1932 urbis

10 1980 26 2014 ῃ
65 1950 226 2013 consilium,
236 1965 293 2000 non
302 1949 377 2002 bollo
388 1965 422 2000 ac
431 1962 500 2014 pace
512 1946 671 1998 firmandae.
689 1949 730 1999 Ab
741 1948 872 2000 illoenim

14 2050 27 2083 ρ
65 2020 196 2089 profectu
211 2019 319 2070 viribus
334 2018 406 2069 datis
418 2024 529 2068 tantum
545 2015 646 2077 valuit,
664 2021 696 2068 ut
711 2017 740 2068 in
756 2018 872 2086 quadra·

10 2115 25 2151 t.
110 2088 256 2143 tadeinde
266 2103 353 2140 annos
368 2093 457 2139 tutam
473 2101 568 2153 pacem
582 2083 706 2139 baberet.
741 2087 871 2141 Multitu-

13 2188 25 2224 ι
83 2163 89 2175 “
111 2162 236 2213 itamon
251 2157 434 2226 gratiorfoit,
455 2172 537 2224 quam
547 2156 692 2221 Patribus;
712 2157 871 2228 longeente

10 2259 24 2292 ι.
65 2232 136 2283 alios
146 2228 358 2296 acceptissimus
368 2226 487 2280 militum
498 2225 606 2277 anissis:
622 2232 816 2297 trecentosque
829 2243 872 2281 ar·

10 2327 23 2361 ι.
65 2307 157 2353 matos
168 2299 206 2351 ad
218 2297 372 2349 custodiam
385 2296 522 2361 corporis,
544 2311 612 2363 quos
623 2297 734 2350 Celeres
750 2298 870 2365 appella·

10 2398 22 2431 ρ
64 2372 111 2435 rit,
123 2384 181 2421 non
191 2368 306 2420 inbelle
317 2367 419 2428 solum,
431 2365 480 2417 sed
491 2365 575 2416 etiam
585 2366 614 2416 in
624 2381 701 2433 pace,
711 2365 816 2418 babuit.

10 2469 20 2501 Ι.
113 2438 192 2491 xvl.
211 2436 265 2488 His
275 2436 476 2487 immortalibus
489 2434 570 2486 editis
583 2436 720 2501 operibus,
739 2450 822 2499 quum
834 2432 870 2482 ad

10 2537 20 2568 s
67 2508 222 2565 exercitum
235 2506 434 2559 recensendum
445 2506 606 2556 concionem
620 2505 649 2554 in
665 2517 762 2567 campo
773 2502 808 2553 ad
820 2503 870 2554 Ca·

10 2608 18 2640 ,
66 2594 130 2647 prae
140 2576 276 2645 paludem
288 2574 415 2637 baberet,
434 2574 526 2627 subito
539 2579 637 2625 coorta
646 2577 796 2636 tempestas
808 2588 874 2622 cum

66 2664 166 2720 magno
182 2646 300 2716 fragore
310 2644 513 2713 tonitribusque
528 2650 589 2696 tani
600 2642 689 2698 denso
706 2657 808 2712 regem
818 2654 887 2706 ope·
