1860 2978
30 58 121 97 mn:
136 44 258 113 equod,
273 46 386 99 etiamn
395 61 466 115 quae
475 46 504 96 in
516 46 721 99 commentariis
731 39 798 114 pon-

30 114 106 166 icum
116 115 232 182 allisque
242 115 362 182 publicis
373 116 543 184 privatisque
553 121 632 168 erant
641 132 799 168 monumen·

30 201 44 245 r,
54 184 167 235 incensa
176 186 244 237 urbe
255 186 403 252 pleraeque
412 187 552 239 interiere.
589 186 715 237 Claritua
725 187 799 237 dein-

31 268 63 318 ps
75 254 248 320 certioraque
258 255 292 306 ab
303 256 424 306 secunda
434 256 555 322 origine,
574 255 652 306 velut
663 256 697 306 ab
709 256 800 322 stirpi-

30 339 50 372 is
62 321 163 373 laetius
174 323 348 390 feraciusque
359 332 473 376 renatae
484 327 569 386 urbis,
582 331 661 391 gesta
669 326 799 376 domimi-

30 393 130 456 iacque
146 401 328 458 exprimentur.
366 396 494 445 Ceterum
512 411 564 460 quo
584 394 674 459 primo
687 394 800 444 admini-

30 461 63 510 lo
76 468 169 513 erecta
180 469 250 526 erat,
263 464 360 514 eodem
371 464 462 514 innisa
470 463 598 514 breuno
610 464 735 529 principe
746 470 800 514 ste·

30 548 48 581 ;:
69 546 158 597 neque
170 547 233 583 eum
243 533 373 585 abdicare
387 549 417 584 se
429 533 582 593 dictatura,
601 533 656 583 nisi
666 547 737 583 anno
749 533 800 583 cir·

30 606 139 661 macto,
159 601 235 666 passi
253 610 327 654 sunt.
364 602 485 654 Comitia
502 602 532 652 in
550 605 738 666 insequentem
754 616 800 651 an-

30 666 63 720 un
78 669 205 721 tribunos
225 667 342 733 habere,
362 686 476 738 quorum
496 672 524 721 in
539 670 705 736 magistratu
720 675 802 734 capta

30 739 64 790 bs
78 744 165 799 esset,
186 754 242 789 non
257 740 376 806 placuit:
395 756 440 793 rea
455 739 491 791 ad
508 740 697 805 interregnum
707 739 801 790 rediit.

30 822 90 857 rum
102 807 202 857 civitas
214 807 337 874 inopere
351 824 385 860 ac
398 809 495 861 labore
511 808 623 859 assiduo
635 807 802 860 reficiendae

30 875 74 929 bis
85 880 236 935 teneretur,
247 877 358 929 interim
371 877 404 937 Q.
415 878 513 935 Fabio,
524 877 606 928 simul
618 878 735 943 primum
745 893 802 929 ma-

30 951 119 997 stratu
130 942 209 1005 abiit,
226 943 261 994 ab
272 944 301 994 C.
312 946 421 993 Marcio
432 943 544 993 tribuno
556 947 647 1008 plebis
657 946 733 999 dicta
743 947 801 998 dies

30 1020 51 1077 t,
67 1012 141 1081 quod
152 1010 262 1078 legatus
273 1012 303 1062 in
313 1010 419 1074 Gallos,
435 1011 470 1062 ad
479 1025 550 1079 quos
560 1012 661 1065 missus
672 1023 732 1068 erat
742 1032 806 1068 ora-

30 1098 59 1146 r,
79 1088 177 1134 contra
187 1083 231 1133 ius
242 1082 367 1150 gentium
383 1088 547 1151 pugnassetz
568 1082 613 1135 cui
623 1083 728 1136 iudicio
740 1102 801 1138 eum

30 1167 90 1214 ors,
109 1151 179 1204 adeo
192 1159 362 1220 opportuna,
381 1159 413 1204 ut
422 1151 611 1204 voluntariam
623 1169 726 1221 magna
737 1171 802 1222 pars

31 1220 136 1284 ederet,
147 1221 295 1274 subtraxit.
322 1222 511 1288 interregnum
523 1222 634 1274 initum.
660 1223 691 1275 P.
702 1226 804 1276 Corne·

30 1308 55 1344 rs
66 1289 160 1358 Scipio
171 1292 302 1354 interrex,
313 1296 342 1343 et
352 1296 416 1356 post
426 1305 488 1341 eum
498 1289 538 1341 Μ.
548 1289 649 1341 Furius
661 1293 802 1343 Camillus.

37 1360 165 1413 tribunos
175 1361 295 1412 militum
305 1358 444 1411 consulari
454 1363 593 1423 potestate
604 1365 690 1422 creat,
704 1360 738 1411 L.
749 1360 804 1410 Va·

30 1430 100 1481 rium
118 1429 292 1482 Publicolam
312 1429 428 1489 iterum,
448 1425 481 1477 L.
503 1423 674 1494 virginium,
693 1428 724 1479 P.
740 1429 805 1479 Cor·

29 1500 118 1561 elium,
138 1501 169 1551 A.
179 1498 330 1560 Manlium,
349 1495 383 1548 L.
394 1493 555 1557 Aemilium,
575 1495 609 1546 L.
620 1495 803 1561 Postumium.

30 1570 86 1621 iex
100 1569 261 1635 interregno
276 1581 359 1634 quum
375 1563 513 1631 extemplo
529 1564 724 1632 magistratum
737 1566 804 1617 inis-

32 1643 72 1701 nt,
92 1636 216 1689 nullade
226 1653 257 1690 re
268 1637 359 1703 prius,
378 1650 459 1703 quom
471 1634 505 1685 de
514 1634 707 1702 religionibus,
727 1651 805 1688 sena·

30 1722 61 1759 m
77 1707 248 1758 consuluere.
283 1706 315 1757 ln
330 1704 425 1772 primis
439 1703 556 1757 foedera
572 1720 605 1756 ac
620 1705 697 1772 leges
712 1709 805 1770 (erant

30 1782 97 1828 rtem
112 1792 162 1828 eae
178 1775 325 1829 duodecim
339 1774 453 1827 tabulae
468 1781 497 1827 et
512 1775 647 1842 quaedam
662 1776 756 1843 regiae
766 1776 805 1827 le·

30 1848 63 1907 es)
73 1845 206 1912 conquiri,
225 1860 295 1913 quae
306 1850 512 1912 comparerent,
531 1844 682 1897 iusserunt:
704 1846 760 1896 alia
771 1858 805 1896 ex
852 1880 854 1885 -

30 1930 39 1965 r
50 1912 128 1966 edita
138 1915 222 1967 etiam
231 1916 260 1967 in
271 1914 381 1983 vulgus:
400 1929 471 1981 quae
481 1919 573 1967 autem
584 1915 619 1966 ad
630 1930 709 1966 sacra
720 1912 804 1979 perti·
834 1942 838 1949 ·

30 1983 805 2051 ebant,apontillcibusmaxime,utreligioneobstriotos

30 2053 142 2106 aberent
153 2053 339 2107 multitudinis
355 2055 478 2118 animos,
496 2068 663 2121 suppressa..
690 2044 831 2115 'welz

30 2124 105 2177 iebus
114 2123 256 2193 religiosis
266 2126 372 2197 agitari
382 2131 531 2196 coeptum,
541 2106 859 2189 breuique,antebvffi*=

30 2194 195 2252 rKalerrdut
203 2197 349 2274 Sextiles,
368 2199 491 2279 duplici
498 2186 780 2257 eladeinibbffil‘
797 2168 859 2222 Ψ
