1860 2978
30 154 31 192 q
64 124 160 187 ¹..su
171 88 410 191 retineam.
430 114 751 184 [uteunque]
781 116 798 169 a

32 212 156 269 bostium
172 216 251 271 iectu
264 224 321 282 est3
338 219 503 286 tristemque
519 221 553 271 ab
564 219 685 269 Tusculo
697 221 805 269 nuntius

32 288 215 356 nequicquam
234 288 369 340 exterrita
389 289 516 350 civitate,
537 289 637 339 literae
658 299 675 334 a
692 288 812 338 Postumi

32 356 178 409 laureatae
189 363 351 423 sequuntur:
377 357 523 412 Victoriam
530 358 626 426 populi
635 357 752 410 Rotnani
764 375 816 410 esse

36 425 187 493 Aequorum
199 427 345 478 exercitum
356 429 478 479 deletum.

89 495 189 545 XXIX.
209 496 395 546 'l'ribunurum
406 498 496 563 plebis
507 497 629 549 actiones
640 498 707 564 quia
716 496 827 548 nondun

36 565 199 615 invenerant
209 565 300 624 finem,
316 568 344 615 et
353 564 433 631 plebs
443 566 607 617 continuare
616 565 755 616 latoribus
765 564 833 634 legis

35 632 225 695 tribunatum,
252 638 281 685 et
298 630 396 685 Patres
414 633 536 686 reiicere'
548 635 746 687 intercessores
764 634 836 702 legis

36 701 129 753 annisi
147 710 225 753 sunt:
255 700 304 754 sed
324 702 386 768 plus
409 704 468 754 suis
493 703 613 755 comitiis
638 703 717 770 plebs
738 703 835 755 veluit.

36 770 126 832 Quem
137 770 263 823 dolorem
272 770 327 822 ulti
338 770 434 824 Patres
445 777 522 836 sunt,
543 773 783 825 senatusconsulto
795 771 835 823 ia-

37 846 94 904 cto,
107 846 139 891 ut
151 839 407 903 consules,'invisus
418 841 492 909 plebi
504 843 691 910 magistratus,
712 857 837 894 crearen-

35 916 90 960 tur.
126 910 233 961 Annum
243 916 308 976 post
324 910 448 977 quintum
458 911 593 964 decimum
608 911 696 963 creati
710 910 836 963 consules

34 978 70 1030 L.
76 978 223 1031 Lucretius
233 978 344 1043 Fissus,
355 978 414 1032 Ser.
425 979 740 1047 SulpiciusCamerinus.
760 980 837 1032 Prin·

37 1048 111 1115 cipio
121 1045 203 1100 huius
213 1049 286 1112 enni,
304 1047 445 1113 ferociter,
457 1052 523 1117 quia
532 1065 613 1102 nemo
623 1065 657 1102 ex
668 1049 789 1117 collegio
799 1050 838 1099 in·

36 1124 210 1170 tercessurns
220 1122 294 1182 eret,
314 1120 416 1172 coortis
428 1119 464 1171 nd
480 1119 672 1186 perferendam
687 1118 715 1170 le
736 1134 779 1170 ern
787 1119 837 1169 tri·

35 1186 117 1241 bunis
127 1186 231 1254 plebis,
250 1203 301 1240 nec
312 1190 424 1258 segnius
434 1189 470 1255 ub
481 1189 511 1240 id
521 1189 566 1256 ips
586 1204 612 1239 m
624 1134 785 1240 consufibus
795 1202 838 1249 re·

35 1256 213 1321 sistentibus,
233 1258 360 1326 omnique
381 1258 496 1311 civitate
515 1204 646 1381 issn
665 1272 727 1311 eam
743 1271 837 1308 curam

36 1340 180 1390 converse,
194 1326 341 1381 Vitelliam
353 1328 491 1382 coloniam
501 1328 544 1381 Ro
611 1340 655 1381 sm
665 1327 696 1379 in
706 1341 784 1379 suos

35 1395 127 1463 Aequi
140 1404 308 1467 expugnant.
344 1398 512 1452 colonorum
521 1414 592 1521 qnare
601 1397 795 1450 maximaincu
807 1412 837 1447 u-

35 1465 100 1528 mis,
118 1466 443 1536 quienoctepruditione
454 1469 521 1538 oppi
539 1472 587 1521 um
597 1473 709 1537 captum
719 1467 836 1519 liberam

40 1550 88 1602 per
97 1544 199 1589 aversa
205 1538 283 1590 urbis
296 1537 326 1590 iu
366 1555 392 1591 m
403 1538 531 1604 dederat,
551 1539 667 1593 Romam
679 1535 835 1606 perfugere.

44 1603 69 1656 ⁸..
84 1603 218 1658 Lumetie
238 1622 325 1660 consu
365 1625 401 1662 ea
436 1611 563 1663 revincit
577 1609 679 1663 evenit.
714 1608 755 1670 is,
774 1621 836 1658 cum

51 1674 160 1727 rercitu
170 1676 328 1744 profectus,
348 1679 409 1731 scie
417 1624 517 1730 Kostes
525 1678 607 1743 vicit;
625 1678 772 1744 victorque
783 1675 836 1726 Ro-

55 1758 109 1796 mm
121 1744 255 1812 admuim
265 1747 408 1814 eliquanto
418 1752 559 1799 certamen
569 1746 653 1799 redit.
681 1744 836 1797 Dies'dictn

61 1819 98 1866 'st
106 1815 227 1869 tribunis
242 1816 333 1884 plebis
343 1815 449 1867 biennii
463 1814 615 1881 superioris
624 1816 657 1866 A.
667 1813 797 1881 Virginis
807 1822 835 1864 et

88 1875 256 1953 Pomponio:
283 1898 352 1952 quos
372 1882 485 1936 defendi
507 1881 622 1934 Petrum
643 1896 779 1934 consensu
799 1881 835 1932 ad

70 1952 119 2006 'em
129 1961 242 2006 senatus
253 1953 421 2023 pertinebat.
450 1950 548 2018 Neque
559 1950 631 2002 enim
643 1965 691 2002 eos
703 1959 752 2003 aut
760 1950 835 2001 ritae

77 2024 220 2076 perimine
230 2023 286 2075 alio
298 2028 347 2074 aut
360 2021 434 2091 gesti
443 2020 625 2091 magistratus
640 2019 825 2088 quisquamst

82 2092 150 2156 ibat,
168 2099 363 2160 praeterquam
385 2090 475 2158 quud,
492 2089 682 2159 mtiflcentes
696 2087 835 2152 Patribus,

88 2162 176 2214 atiani
195 2162 361 2214 tribuniciae
379 2160 612 2214 intercessissent.
646 2158 722 2212 Vicit
740 2166 834 2213 tumen

93 2232 154 2283 :ism
170 2238 283 2284 senatus
299 2231 389 2297 plebis
402 2230 459 2295 ire;
480 2236 510 2303 et
523 2229 644 2298 pessimo
657 2229 785 2298 exemplo
795 2229 835 2280 in·

97 2299 112 2349 'i
130 2299 208 2353 denis
223 2301 349 2354 millibus
363 2299 457 2369 aevis
474 2299 547 2353 seris
568 2299 742 2353 condemnati
761 2304 833 2350 sunt.

103 2380 160 2434 agre
173 2372 248 2437 psssi
259 2369 366 2424 Patres.
402 2369 536 2423 cennius
545 2370 640 2437 palam
653 2368 768 2425 sceleris
777 2366 834 2434 ple·

108 2436 864 2565 suanm:enumerantes:.‚

119 2576 221 2633 estisne
225 2579 344 2650 sublata,
356 2527 914 2660 emendavissemus-nequir&

126 2651 201 2716 quod
211 2651 439 2729 ills'spermus,
462 2632 832 2728 effresntcmbwtbm
