1860 2978
30 39 166 100 :mgnum
182 39 297 101 poiseus
310 38 476 88 imperator,
495 39 528 72 uc
543 39 690 104 parmans3
709 38 801 103 norae

30 86 109 141 horti
117 84 250 151 hostium,
261 89 340 142 locus
351 91 444 143 detur:
466 91 554 143 donec
564 97 669 158 impetu
678 91 754 143 illatr
765 91 800 141 ab

30 158 54 208 is
74 158 268 211 excludantur.
304 160 384 223 Quod
399 161 447 211 ubi
462 167 505 212 est
520 160 638 224 factum,
658 160 802 212 interclusi

30 228 117 294 uites:
128 243 180 279 nec
189 228 368 296 perrumpere
377 231 482 294 eadem,
493 246 546 299 qua
555 232 730 292 transierant,
739 245 802 295 pos·

36 297 95 361 ;ibi
104 298 224 350 maxime
235 298 509 364 confertishostibus,
522 301 656 367 quariam
664 300 801 352 fecerant:

38 368 137 418 consul
147 368 324 434 legionesque
336 371 484 433 Romanae,
495 387 577 437 quum
589 371 660 438 quod
672 377 801 435 tegumen

30 436 82 487 odo
96 438 185 487 omnis
196 441 335 489 exercitus
346 438 447 503 fuerat,
468 457 602 508 nusquam
612 441 752 500 riderent,
769 453 802 488 ne

32 510 45 557 t
64 504 235 557 fortissimos
246 509 321 559 viros
340 509 506 561 interclusos
522 512 692 577 opprimeret
707 508 802 569 hostis,

30 575 117 626 ndunt
126 576 156 626 in
167 592 355 645 quemcunque
365 594 468 633 casum.
496 581 611 632 Diversi
620 578 727 639 Volsci,
741 575 804 626 hinc

30 644 143 697 tnsulcm
152 660 185 696 ac
195 646 320 713 legiones
330 648 476 712 sustinere,
492 649 583 701 altera
595 649 687 699 frome
698 648 805 698 instare

30 717 154 780 empanio
170 720 253 780 atque
268 717 420 784 equitibus:
441 719 488 785 qui
504 734 588 786 quum
608 731 691 782 saepe
713 713 805 765 conati

30 783 161 851 squisscnt
172 797 350 850 perrumpere
361 787 397 839 ad
406 803 486 850 suos,
505 787 613 839 tumulo
630 783 751 853 quodem
762 797 806 833 oc-

30 858 117 921 rpato‚
137 852 166 903 in
181 853 277 904 orbern
288 868 318 904 se
329 857 505 919 tutabantur,
525 869 698 924 nequaquam
713 852 805 902 inulti.

30 939 60 975 ec
74 932 189 990 pugnae·
199 922 261 972 finis
272 927 338 973 ante
349 931 460 975 noctem
470 926 535 972 fuit
572 925 675 972 Consul
686 936 805 988 quoque,

30 1006 137 1059 isquam
156 993 274 1045 remisso
292 993 454 1055 certamine,
475 991 540 1042 dum
552 991 697 1059 quicquam
711 1005 806 1057 super·

30 1062 55 1112 it
65 1061 145 1123 lucis,
154 1055 262 1113 ho'stem
274 1063 373 1114 tenuit.
401 1062 465 1115 Nox
475 1062 598 1114 incertos
609 1061 736 1114 diremits
747 1067 807 1112 tan·

30 1147 102 1198 sque
112 1132 147 1183 ab
157 1130 347 1196 imprudentia
360 1138 474 1185 eventus
483 1138 602 1199 unaque
614 1136 708 1184 castra
717 1131 807 1183 tenuit

30 1214 98 1264 mor,
107 1207 147 1264 nt,
157 1201 265 1252 relictis
276 1202 380 1254 sauciis
388 1208 417 1255 et
423 1217 525 1269 magna
534 1208 615 1270 parte
625 1200 807 1268 impedimen·

30 1287 104 1333 rum,
116 1272 198 1323 ambo
209 1272 353 1336 provictia
364 1273 505 1324 exercitus
515 1289 545 1324 se
554 1273 583 1323 in
593 1277 702 1322 montes
713 1271 806 1338 proxi·

31 1342 239 1408 osreciperent.
276 1341 411 1392 Tumulus
421 1347 516 1393 tamen
526 1340 807 1394 circumsessnsultra

31 1411 124 1464 odiam
133 1416 244 1462 noctem
253 1414 308 1462 est:
319 1425 373 1476 quo
380 1426 463 1479 quum
470 1410 735 1462 circumsedentibus
740 1425 806 1461 nun·

30 1487 104 1534 atum
115 1484 198 1542 esset,
208 1484 303 1533 castra
313 1478 425 1531 deserta
435 1495 505 1541 esse,
518 1480 609 1530 victos
619 1480 675 1529 rati
686 1493 759 1540 suos,
778 1482 807 1529 et

32 1552 72 1615 si,
93 1564 148 1617 qua
158 1548 464 1617 quemqueintencbris
474 1562 561 1615 paror
569 1548 647 1609 tulit,
667 1547 807 1614 fugerunt.

30 1621 172 1687 amponius
188 1625 264 1670 metu
280 1617 444 1669 insidiarum
455 1632 521 1669 suos
541 1617 578 1670 ad
598 1616 688 1669 lucem
707 1617 807 1668 tenuit.

31 1704 160 1759 egressus
170 1688 270 1740 deinde
279 1688 339 1754 ipse
350 1702 412 1740 cum
421 1688 519 1756 paucis
529 1688 712 1756 speculatum,
723 1701 807 1755 quum

30 1760 153 1812 >sauciis
172 1757 301 1809 hostibus
318 1759 486 1810 sciscitando
501 1758 694 1826 comperisset,
714 1764 809 1810 castra

30 1830 172 1882 olscorum
188 1828 301 1880 deserta
311 1843 386 1893 csse,
405 1829 496 1882 laetus
511 1831 547 1881 ab
561 1829 669 1881 tumulo
685 1843 749 1880 suos
762 1827 808 1880 de·

30 1904 97 1961 scat,
108 1905 136 1950 ct
145 1900 176 1949 in
187 1904 280 1952 castra
289 1897 416 1951 Romana
425 1904 561 1966 penetrat.
572 1900 627 1951 Ubi
635 1914 717 1967 quum
726 1903 808 1949 rasta

30 1975 169 2034 rsertaque
180 1968 282 2031 omnia,
297 1972 379 2037 atque
390 1969 516 2035 eandem,
525 1984 608 2038 quam
620 1969 693 2036 apud
702 1969 808 2029 hostes,

30 2038 173 2092 ›editatem
192 2038 359 2100 invenisset,
379 2041 539 2107 priusquam
548 2040 669 2092 Volscos
680 2036 809 2103 cognitus

30 2124 84 2161 ror
93 2106 250 2171 reduceret,
262 2109 361 2177 quibus
370 2117 483 2176 poterat
493 2110 595 2163 sauciis
608 2106 697 2158 ductis
708 2118 810 2167 secum,

30 2195 119 2242 marus
135 2192 216 2246 quam
231 2180 373 2246 regionem
389 2182 486 2233 consol
506 2179 639 2247 petisset,
659 2174 695 2227 ad
714 2175 810 2227 urbem

30 2250 140 2302 oximis
155 2248 297 2301 itineribus
308 2249 407 2317 pergit.
