1860 2978
22 39 30 149 l
90 106 434 163 lunilcsmbbbffiss
461 109 781 182 monendum]
811 110 861 167 139

661 194 862 205 —--—-.

23 212 26 299 j
58 212 133 265 ribus
148 211 313 263 additurum.
349 212 389 263 Et
400 214 502 266 Patres
518 214 548 267 in
557 215 667 283 populi,
688 224 714 267 et
729 218 863 269 consulem

23 320 26 325 -
58 282 88 334 io
98 281 221 333 Petrum
231 280 297 351 sore
308 289 454 346 potestate.

110 348 196 402 Lvu.
215 351 303 416 Aegre
315 350 413 400 sedato
423 353 457 401 ab
470 346 599 412 Quinctio
612 352 703 418 plebs,
719 353 807 404 multo
820 369 863 405 ae·

58 420 136 488 grius
148 419 244 470 wnsul
256 419 327 470 alter
338 435 355 470 a
364 420 503 472 Patribus.
538 421 660 472 Dimisso
675 423 788 474 taudem
801 438 862 473 cou-

60 490 125 541 cilio
138 488 238 557 plebis,
254 494 380 541 senatum
391 491 517 542 consules
527 488 637 541 habent.
673 493 726 542 Ubi
737 507 819 558 quum
830 491 863 541 ti-

60 573 122 610 mor
137 564 221 626 atque
236 558 279 609 ira
298 558 328 608 in
349 558 438 612 ricem
454 560 607 612 sententias
624 560 790 625 variassent3
809 575 862 626 quo

60 628 165 694 magis,
185 629 278 693 spatio
289 628 469 696 interposito,
491 629 525 681 ab
543 630 649 695 impetu
661 628 696 678 ad
708 629 864 681 consultan-

61 697 127 748 dum
137 696 354 760 advocabantur,
372 713 405 751 eo
414 699 474 767 plus
486 697 673 751 abhorrebant
683 714 700 749 a
711 699 864 751 certatione

61 763 160 818 animi:
180 765 250 818 adeo
266 772 297 818 ut
309 766 440 827 Quinctio
451 770 557 836 gratius
573 772 700 835 agerent,
723 767 796 834 quod
806 768 865 820 eius

61 851 77 889 ο
97 850 148 889 era
168 832 457 904 mitigatudiscordia
473 844 555 891 esset.
590 837 631 889 Ab
648 836 736 903 Appio
753 837 866 905 petitur,

87 912 218 958 ttmetom
229 908 396 959 consularem
406 907 576 961 maiestatem
586 923 641 960 esee
651 909 742 971 veltet,
763 914 866 973 quanta

60 990 116 1028 em
131 972 162 1028 in
176 974 301 1027 concordi
311 972 423 1027 civitate
437 986 536 1042 posset.
570 974 646 1028 Dum
661 976 765 1028 tribuni
775 991 866 1029 coruu-

60 1046 150 1115 lesque
159 1045 197 1096 ud
203 1060 231 1096 se
240 1044 350 1114 quiaque
362 1044 452 1097 omnio
464 1045 588 1109 trabant,
600 1045 670 1098 ntttt
678 1045 803 1097 relictum
814 1060 868 1095 esee

61 1114 163 1166 virium
177 1114 207 1167 iu
219 1115 320 1167 notio.-
341 1114 501 1167 ds‘etructem
511 1118 712 1183 laceratamque
728 1112 869 1180 rempubli-

62 1200 121 1237 cam
133 1182 236 1255 tnagis,
254 1201 368 1254 quorum
383 1183 412 1237 in
423 1185 569 1250 maudoit,
589 1201 669 1253 quom
684 1192 717 1237 ot
728 1179 869 1237 incolomis

62 1253 112 1317 sit,
130 1253 234 1324 quaeri.
269 1249 375 1316 Appius
387 1254 485 1299 eontra
498 1256 600 1300 testari
611 1255 679 1306 deos
690 1258 774 1318 atque
784 1248 870 1303 homi-

62 1338 124 1383 ues,
144 1319 335 1389 reuqeublicum
348 1317 432 1387 prodi
448 1334 499 1386 per
518 1327 619 1370 otetom
633 1336 666 1371 ac
681 1319 774 1373 deseri.
810 1318 870 1375 Nou

63 1390 195 1445 consulem
211 1387 333 1453 sesami,
351 1389 398 1441 ted
410 1395 534 1441 secatum
549 1387 652 1441 conati
665 1390 761 1442 deesse.
800 1390 870 1443 Gea-

63 1460 150 1513 oioret
170 1457 260 1527 accipi
280 1460 363 1528 teges,
382 1473 461 1525 qoem
481 1457 511 1512 io
531 1457 723 1513 barromonte
743 1467 870 1526 acceptae

65 1530 128 1583 sint.
163 1526 263 1581 Victus
283 1534 377 1581 tamen
396 1527 511 1581 Petrum
532 1544 668 1582 consensu
682 1529 801 1597 quierit:
823 1529 870 1582 lex

65 1596 178 1653 silentio
209 1597 337 1650 errentur.

117 1666 144 1719 L
235 1669 308 1720 Tum
323 1668 440 1736 primum
456 1667 571 1720 tributis
587 1669 812 1727 comitiiscreati
822 1668 870 1719 tri·

66 1736 134 1790 buni
153 1742 230 1790 sunt:
249 1753 366 1791 numero
386 1738 471 1789 etiam
488 1737 599 1790 additos
614 1744 685 1801 tres,
705 1737 822 1804 perinde
838 1753 871 1789 nc

67 1807 123 1859 duo
135 1812 217 1859 auten
227 1807 341 1870 fuerint,
351 1805 416 1859 Piso
428 1812 526 1859 auctor
538 1813 588 1858 eat.
617 1807 750 1858 Nominat
761 1822 870 1874 quoque

66 1877 203 1939 tribunos,
224 1878 253 1928 C.
264 1875 408 1939 Sicinium,
431 1876 463 1928 L.
473 1874 670 1938 Numitorium,
685 1876 725 1926 M.
736 1875 870 1938 Duilium,

66 1945 114 2014 Sp.
124 1946 248 2008 Icilium,
267 1946 300 1998 L.
311 1946 482 1997 Maecilium.
519 1944 651 1996 Volscum
666 1945 871 2009 Aequicumque

65 2016 141 2067 inter
151 2014 315 2066 seditionem
324 2015 478 2064 Romanam
495 2010 651 2063 estbellum
662 2018 797 2064 coortum.
816 2010 870 2064 Vu-

66 2089 211 2137 staverant
220 2097 312 2149 agros,
330 2087 369 2145 ut,
386 2082 412 2133 si
424 2096 477 2148 qua
488 2080 609 2133 secessio
621 2080 710 2148 plebis
722 2082 815 2146 fieret,
835 2081 871 2134 ud

66 2169 98 2206 se
107 2159 252 2221 receptum
262 2150 386 2204 haberet.
423 2150 590 2218 Compositis
603 2150 702 2204 deiude
712 2152 809 2216 rebus,
828 2168 871 2207 co·

66 2232 128 2275 stra
136 2227 214 2275 retro
225 2235 345 2273 morere.
380 2221 431 2287 Ap.
442 2220 573 2271 Claudius
584 2222 613 2273 in
623 2220 743 2275 Volscos
753 2224 870 2275 missus:

67 2291 200 2355 Quinctio
214 2291 301 2359 Aequi
316 2288 460 2357 provincia
475 2292 575 2343 evenit.
611 2291 716 2345 Eadem
729 2294 759 2345 in
769 2293 872 2345 militia

68 2360 189 2414 saevitia
196 2360 286 2428 Appii,
308 2375 379 2428 quae
390 2358 474 2425 domi,
490 2375 563 2412 esse:
582 2359 712 2426 liberior,
728 2362 801 2430 quod
812 2362 872 2413 siue

67 2429 225 2483 tribuniciis
241 2430 358 2482 vinculis
374 2435 443 2481 erat.
480 2429 581 2482 Odisse
596 2432 705 2498 plebem
717 2432 779 2495 plus
791 2441 872 2492 quam

66 2507 185 2569 paterno
205 2500 285 2552 odio:
308 2516 337 2552 se
357 2498 461 2551 victum
483 2500 517 2553 ab
538 2514 584 2553 ea:
605 2516 636 2551 se
656 2499 738 2549 unico
760 2493 871 2545 consule

67 2570 180 2623 obiecto
196 2570 329 2621 adversus
344 2570 521 2621 tribuniciam
529 2574 713 2634 potestatem,
733 2563 871 2631 perlatam

65 2640 158 2711 legens
169 2656 245 2708 esse5
265 2653 344 2715 quom
358 2639 464 2709 minore
475 2643 591 2702 conatu,
610 2639 882 2705 nequequummum
