1860 2978
109 116 151 162 va,
159 102 256 168 quibus
265 101 323 152 iam
333 102 442 169 pridem
451 100 638 169 praevalentis
647 119 732 169 pop*

101 186 143 221 rae
155 171 312 222 conficiunt.
340 172 402 239 Ego
417 178 515 222 contra
524 169 579 221 hoc
588 168 754 236 quoquam-l

95 241 188 290 :mium
199 247 302 306 petam,
319 247 351 292 ut
361 257 405 292 me
416 257 433 291 a
444 246 592 309 conspectu
602 239 750 303 malorum,

89 325 125 360 ra
134 315 177 361 tot
187 325 237 376 per
248 326 333 361 annos
343 311 414 361 ridit
424 318 509 374 aetas,
520 310 664 375 tantisper,
675 314 750 361 certo

86 379 180 431 cailla
195 385 256 435 tcta
265 388 356 432 mente
371 388 482 446 repeto,
503 386 641 442 avertam,
662 379 750 429 omnis

76 463 152 512 rrae,
174 464 246 516 quac
257 450 403 502 scribentis
415 451 551 512 animum,
570 449 622 500 etsi
636 464 693 498 non
704 446 752 501 ile-

70 533 137 581 rero,
159 519 313 571 sollicitum
323 525 415 572 tamen
426 519 535 572 efficere
545 518 643 586 possit.
672 517 752 579 Quae

64 587 167 639 aditam
184 588 511 652 condendamreurbem,
531 587 649 655 poeticis
660 588 753 653 magis

69 655 189 719 fabulis,
210 672 293 723 quam
310 658 478 726 incorruptis
499 660 751 723 rerumgestarum

51 727 146 789 nentis,
163 727 320 790 traduntur,
334 742 429 780 eancc
439 730 586 790 affirmare,
606 722 754 779 necteret-¹

46 811 55 844 1
66 796 158 847 animo
170 801 222 849 est.
257 796 349 849 Datur
358 796 428 850 haee
437 798 520 850 renio
530 795 699 863 antiquitati,
709 799 752 857 ut,

38 865 89 916 ndo
104 862 226 917 humana
240 865 357 931 divinis,
374 868 529 935 primordia
544 866 655 918 urbium
665 878 753 933 augn-

32 934 140 988 .faciat.
176 936 227 999 Et,
241 936 266 988 si
276 938 321 989 cui
330 939 435 1005 populo
446 938 531 989 licere
542 940 667 1004 oportet,
688 949 750 987 con·

27 1020 58 1059 ro
68 1005 191 1074 origines
202 1022 277 1069 suos,
287 1014 316 1061 et
327 1007 362 1058 ad
374 1008 441 1060 deos
451 1006 557 1059 referre
569 1011 707 1066 auctores,
718 1018 745 1056 er

26 1074 118 1141 gloria
129 1082 172 1127 est
183 1076 288 1144 populo
299 1078 436 1141 Romano,
452 1082 493 1141 ut,
503 1091 586 1144 quum
596 1089 676 1126 suum
689 1087 738 1127 con

19 1144 100 1210 isque
115 1144 161 1197 sui
180 1152 324 1212 parentem
339 1147 461 1201 Martem
478 1146 654 1215 potissimum
668 1142 732 1195 fera

20 1218 49 1265 ct
64 1211 119 1265 hoc
133 1220 230 1280 gentes
246 1214 382 1269 humanae
397 1216 540 1286 patiantur
550 1229 639 1281 aequo
651 1212 724 1265 anim

19 1296 29 1332 1
44 1282 190 1350 imperium
203 1284 357 1350 patiuntur.
392 1286 449 1340 Sed
468 1286 538 1341 haec
549 1284 629 1339 ethis
640 1280 721 1335 simtu

19 1367 85 1418 nque
96 1353 290 1409 animadversa
299 1363 349 1409 aut
358 1359 520 1411 existimata
531 1361 625 1417 erunt,
636 1351 711 1405 haud

19 1437 46 1473 ιο
59 1423 187 1490 equidem
197 1440 299 1493 ponam
311 1427 477 1481 discrimine.
512 1427 554 1479 Ad
564 1426 615 1477 illa
623 1421 707 1491 milri]

19 1491 102 1557 iisque
112 1495 215 1545 aeriter
228 1496 357 1550 intendat
372 1499 507 1561 animum,
529 1512 600 1564 quao
609 1495 684 1555 vita,

19 1577 37 1611 ts
56 1559 175 1613 fuemnt:
196 1577 247 1630 per
268 1578 339 1630 quos
355 1569 443 1630 viros,
463 1568 617 1635 quibusque
634 1562 695 1615 artu

19 1634 22 1679 i
32 1630 212 1697 militiaeque,
227 1639 256 1685 et
265 1638 377 1699 partum
388 1641 416 1687 et
426 1642 538 1686 auctum
549 1634 688 1701 imperiur

19 1704 72 1752 ento
82 1698 184 1754 deinde
193 1702 342 1769 paullatim
354 1704 515 1773 disciplina,
535 1704 614 1756 reiut
624 1702 682 1755 desi

116 1786 208 1827 moros
224 1780 357 1841 sequatur
374 1775 481 1839 animm
502 1772 602 1826 deinde
616 1779 647 1825 ut
661 1787 675 1823 r

280 1850 340 1892 *nm
355 1844 397 1897 ire
413 1844 554 1925 coeperint
570 1842 669 1911 praeci*
