1860 2978
123 71 184 120 nius
195 69 297 130 dicere,
307 81 452 132 passurum
460 80 491 117 se
500 65 639 132 assignari
650 79 743 131 agros,
755 56 846 121 dumn

123 139 179 190 nisi
190 137 243 189 civi
252 136 387 197 Romano,
398 134 582 202 assignentur.
602 134 723 197 Cassius,
734 134 800 200 quia
808 135 840 186 in

124 210 169 259 ria
178 205 327 273 largitione
339 205 501 255 ambitiosus
512 205 542 255 in
552 204 656 267 socios,
672 219 760 270 eoque
771 204 845 256 eivib

124 278 265 336 hocerat,
284 279 315 324 ut
336 275 392 325 alio
408 290 522 326 munero
543 274 597 325 sibi
614 274 810 326 reconciliaret
828 276 846 326 oi

124 346 239 407 animos,
251 345 355 407 iubere,
378 359 428 411 pro
440 343 533 396 Siculo
544 343 683 396 frumento
695 345 843 411 pecuniam

124 422 200 484 ptam
220 414 340 466 retribui
359 414 472 481 populo.
507 414 540 465 ld
555 429 621 466 roro
638 413 714 466 haud
733 429 825 477 secus,

124 490 300 553 praesentem
310 483 466 536 mercedem
476 482 564 549 regni,
576 489 726 550 aspernata
735 483 845 550 plebeos

123 559 239 622 propter
248 552 432 621 suspicionem
443 553 556 604 insitam
566 568 597 606 re
637 554 643 565 '
668 552 746 606 velut
757 552 847 604 abund

125 625 227 687 omnia,
246 638 361 675 munere
373 623 432 674 eius
446 623 477 673 in
492 622 591 673 animis
597 568 749 673 ffiminum
762 638 845 688 respu

124 702 178 746 tur.
207 692 305 755 Quem,
315 693 363 744 ubi
372 692 492 758 primum
503 691 669 758 magistratu
679 693 759 755 abiit,
769 691 846 743 damn

125 769 309 828 necatumque
329 766 447 815 constat.
482 758 567 823 Sunt,
588 760 636 827 qui
653 768 763 828 patrem
785 766 846 812 auct

126 833 185 886 citu
196 831 326 899 supplicii
335 831 438 884 ferant:
461 845 532 893 eum,
551 830 664 897 cognite
676 830 752 882 domi
761 845 845 883 eausa

124 904 238 955 berasso
253 917 286 953 ae
300 916 428 963 necasse,
447 899 641 968 peculiumque
656 900 709 952 filii
724 900 820 953 Cereri
834 916 846 952 o

126 972 259 1025 oravisset
271 972 382 1039 signum
392 969 457 1023 inde
467 969 573 1022 iactum
584 984 654 1034 esso,
666 976 694 1022 et
702 969 846 1037 inscripttu

126 1057 244 1096 oissri
260 1056 404 1094 nauium
417 1054 542 1093 ninum
577 1038 690 1093 Invenio
700 1041 775 1106 apud
784 1055 846 1107 quor

125 1112 154 1164 id
173 1128 208 1164 ue
216 1112 332 1178 propius
343 1110 425 1162 fidem
441 1116 496 1173 est,
517 1110 738 1177 aquaestoribus
752 1109 788 1161 K.
799 1109 846 1163 Fal

127 1181 159 1233 L.
199 1181 285 1233 alerio
297 1179 370 1233 diem
381 1178 484 1232 dictam
495 1179 703 1247 perduellionis,
715 1179 846 1231 damnatu

126 1248 222 1318 populi
234 1248 351 1300 iudicio.
373 1248 482 1302 dirutas
497 1249 607 1315 publice
623 1249 715 1301 aedes.
751 1250 794 1301 Ea
808 1254 846 1301 est

125 1325 190 1371 ante
200 1317 324 1370 Telluris
343 1316 449 1370 sedem.
485 1319 615 1372 ceterum
630 1319 690 1372 sire
707 1318 779 1369 illud
797 1318 846 1370 dor

126 1403 202 1450 eum,
224 1387 281 1440 sive
301 1387 442 1454 publicum
460 1386 514 1439 fuit
533 1388 683 1454 iudicium,
704 1387 846 1441 damnatur

126 1456 263 1519 Cornelio,
274 1457 307 1519 Q.
317 1457 406 1508 Fabio
417 1457 585 1512 consulibus.

177 1526 263 1578 XLll.
291 1527 376 1578 Haud
386 1526 517 1579 diuturna
529 1528 572 1581 ira
581 1526 679 1596 populi
688 1528 719 1581 in
729 1529 846 1581 Cassiun

124 1596 251 1649 Dulcedo
262 1596 391 1664 agrariae
401 1598 472 1666 legis
482 1598 604 1666 ipseper
614 1615 658 1662 se,
680 1599 793 1666 dempto
804 1615 846 1649 aut

124 1667 235 1718 subibat
245 1669 365 1719 animos:
377 1683 548 1736 accensoque
556 1685 589 1722 ea
600 1669 735 1736 cupiditas
747 1674 790 1721 est
800 1684 845 1721 me

123 1744 183 1790 tato
197 1738 325 1820 Patrum3
346 1739 401 1805 qui,
423 1739 542 1791 devictis
559 1755 592 1792 eo
608 1754 679 1791 anno
690 1737 802 1820 Volscis
814 1741 846 1790 Α(

124 1808 846 1939 ttoelisi.ttilsltlbtbdttllt}

124 1946 272 2011 publicum.
309 1946 430 1999 inrisum
442 1952 503 1999 erat
517 1947 634 1999 Fabium
651 1961 751 1998 nomen
770 1947 846 2013 plebi

124 2020 186 2078 pter
196 2015 378 2067 novissimum
389 2018 542 2069 consulem:
553 2023 668 2069 tenuere
678 2023 771 2067 tamen
780 2015 846 2068 Patr

125 2096 186 2131 cum
197 2082 230 2133 L.
240 2084 357 2134 Aemilio
368 2086 404 2136 K.
420 2086 524 2138 Fabius
536 2088 633 2140 consul
648 2091 798 2139 crearetur.
834 2086 846 2137 l

124 2149 224 2202 festior
244 2151 319 2202 facta
338 2154 435 2219 plebes
444 2156 583 2209 seditione
598 2157 753 2210 domestica
765 2155 846 2208 bellu:

125 2225 232 2272 ternum
243 2221 356 2273 excivit:
373 2223 448 2276 bello
460 2226 561 2279 deinde
573 2227 667 2280 civiles
679 2226 833 2278 discordiae
845 2242 846 2246 ¹

123 2290 233 2342 missae.
276 2291 336 2343 Uno
359 2293 451 2346 animo
472 2293 570 2349 Patres
590 2313 623 2350 ao
643 2298 738 2365 plebes
760 2296 846 2349 rebell

122 2357 243 2412 Volscos
264 2367 292 2412 et
307 2364 425 2429 Aequos,
448 2365 517 2417 duee
531 2370 661 2430 Aemilio,
682 2381 816 2435 prospera
836 2381 846 2433 1

124 2428 224 2481 ricorc.
261 2429 326 2484 Plus
342 2438 435 2487 tamen
451 2432 573 2488 hostium
589 2437 665 2504 iuga,
689 2452 769 2505 quam
782 2451 846 2501 proc

19 2542 22 2551 .
124 2495 289 2567 absumpsit:
320 2503 390 2557 adeo
416 2505 597 2571 pertinaciter
622 2508 700 2561 fusos
727 2507 844 2558 insecuti
