1860 2978
49 39 115 105 lpse
134 39 215 101 parte
234 39 376 101 copiarum
390 50 477 102 parvo
497 39 615 87 circuitu
632 39 725 87 locum
739 39 860 88 maxime

50 110 194 159 secretum
206 104 241 156 ab
252 106 374 156 tumultu
385 108 465 171 petit,
476 105 548 158 unde
559 121 594 156 ex
606 106 772 170 necopinato
784 121 860 157 arer-

50 191 116 228 sum
125 171 235 225 hostem
245 173 369 225 invadat.
392 174 423 235 Q.
435 175 588 242 Sulpicium
598 174 722 242 legatum
732 176 861 242 praeficit

51 243 168 298 castris:
188 243 227 294 M.
239 242 327 295 Fabio
345 244 439 311 legato
451 247 576 311 assignat
592 245 713 310 equites:
734 261 785 296 nec
797 251 861 296 ante

49 317 145 368 lucem
155 328 266 364 movere
276 314 354 364 iubet
371 330 495 376 uranum,
517 316 589 366 inter
600 321 750 366 nocturnos
760 314 861 364 tumul·

49 393 99 437 tus
110 383 257 434 moderatu
271 382 418 435 difficilem.
456 384 567 444 Omnia,
588 399 657 450 quae
668 385 713 434 vel
725 386 796 434 alius
810 385 861 433 im-

49 458 169 524 perator
180 452 300 518 prudens
312 459 340 503 ct
350 453 468 520 impiger
478 454 506 502 in
516 453 568 503 teli
578 469 608 502 re
618 455 792 520 praeciperet
799 468 861 517 age·

51 530 168 590 retque,
190 522 327 588 praecipit
345 522 442 574 ordine
454 529 537 589 atque
552 523 624 588 agit:
643 521 715 572 illud
727 523 861 574 eximium

52 592 169 647 consilii
184 592 324 657 animique
339 593 492 657 specimen,
513 597 542 643 ct
557 591 717 657 neutiquam
727 591 860 657 vulgatae

51 662 161 724 laudis,
181 661 257 729 quod
272 661 347 712 ultro
363 661 399 712 ad
414 660 600 728 oppugnanda
615 666 708 712 castra
727 659 860 722 hostium,

52 732 128 785 unde
147 732 257 782 maiore
278 731 387 798 agmine
406 730 548 797 profectos
567 731 743 797 exploratum
758 730 861 792 fuerat,

53 802 95 857 Μ.
111 800 269 868 Geganium
285 816 345 851 cum
362 799 523 852 cohortibus
541 799 657 852 delectis
677 803 761 852 misit.
799 799 861 864 Qui,

55 876 205 940 postquam
214 871 338 922 intentos
349 868 475 924 homines
485 872 514 922 in
524 877 655 922 eventum
666 871 785 937 periculi
795 870 862 920 alie-

55 943 100 1004 ni,
120 955 172 1007 pro
183 956 213 993 se
224 941 353 992 incautos
363 942 500 1009 neglectis
511 940 619 1009 vigiliis
631 941 861 1007 stationibusque,

56 1016 101 1065 est
111 1008 237 1073 adortus,
251 1010 327 1076 prius
336 1026 423 1077 paene
434 1011 508 1078 cepit
520 1017 621 1074 cestra,
633 1027 715 1077 quam
721 1025 862 1079 oppugna-

54 1082 82 1134 ri
92 1078 190 1132 hostes
200 1081 270 1131 satis
281 1081 393 1133 scirent.
409 1081 483 1143 Inde,
495 1081 582 1143 fumo,
593 1086 626 1130 ut
633 1086 808 1142 convenerat,
815 1079 862 1130 da-

57 1159 117 1202 tum
132 1150 241 1217 signum
251 1150 301 1200 ubi
311 1157 488 1217 conspectum
500 1151 534 1201 ab
545 1149 684 1202 dictatore
694 1155 750 1212 est,
771 1149 861 1202 excla·

55 1226 124 1279 mat,
134 1226 217 1286 capta
228 1218 349 1271 bostium
360 1227 462 1282 eastra,
472 1219 649 1285 nuntiarique
660 1221 764 1285 passim
774 1218 860 1268 iubet.

108 1288 236 1342 xxvui.
255 1290 292 1341 Et
302 1290 358 1341 iam
367 1287 536 1349 lucescebat,
552 1287 699 1352 omniaque
709 1286 760 1338 sub
773 1285 862 1336 oculis

54 1365 150 1414 erant:
168 1365 196 1412 et
211 1358 315 1412 Fabius
332 1375 393 1410 cum
409 1356 537 1423 equitatu
546 1356 682 1420 impetum
692 1356 820 1417 dederat,
836 1361 864 1406 et

55 1428 156 1483 consul
177 1430 351 1511 eruptionem
368 1443 384 1480 e
401 1425 501 1478 castris
515 1425 545 1475 in
560 1424 684 1491 trepidos
700 1426 757 1477 iam
768 1423 863 1476 hostes

52 1499 172 1553 fecerat.
199 1498 331 1550 Dictator
342 1500 534 1562 autem„parte
546 1493 636 1546 altera
647 1496 771 1550 subsidia
782 1501 809 1547 et
820 1510 863 1547 se·

54 1569 175 1622 cundam
187 1568 275 1620 aciem
285 1566 415 1629 adortus,
435 1565 636 1634 circumagenti
645 1582 675 1619 se
686 1567 722 1618 ad
733 1567 862 1618 dissonos

53 1639 195 1692 clamores
207 1653 240 1689 ac
251 1637 357 1689 subitos
367 1636 501 1687 tumultus
512 1633 584 1688 hosti
589 1635 712 1704 undique
719 1636 863 1689 obiecerat

51 1710 193 1763 victorem
209 1707 332 1774 peditem
354 1706 538 1774 equitemque.
575 1707 761 1761 Circumventi
775 1708 862 1773 igitur

52 1777 156 1833 iamin
167 1775 259 1827 medio
275 1776 405 1828 adunam
421 1791 516 1828 omnes
527 1792 630 1844 poenas
645 1777 805 1830 rebellionis
817 1773 863 1824 de-

52 1848 179 1908 dissent,
197 1844 226 1895 ni
236 1844 351 1900 Vectius
360 1846 478 1898 Messius
496 1860 531 1899 ex
540 1845 662 1910 Volscis,
683 1845 807 1897 nobilior
820 1841 863 1891 vir

50 1916 151 1978 sactis,
162 1928 244 1981 quam
253 1930 364 1983 genere,
375 1917 432 1969 iam
443 1916 538 1969 orbem
549 1916 692 1968 volventes
703 1928 768 1964 suos
774 1913 862 1962 increw

50 2002 124 2055 pans
136 1985 304 2048 claravoce,
323 1985 548 2055 Hicpraebituri,
568 1986 667 2052 inquit,
687 2000 732 2037 vos
745 1981 806 2035 telis
817 1980 859 2033 Ιιο-

52 2057 140 2111 stium
149 2050 214 2109 estis
223 2054 371 2128 indefensi,
391 2056 492 2110 inulti?
515 2054 688 2177 (ὶιιὶἀένίξιτ
700 2051 873 2106 usmaitain-
