<?xml version="1.0" encoding="UTF-8"?>
<!DOCTYPE html PUBLIC "-//W3C//DTD XHTML 1.0 Transitional//EN"
    "http://www.w3.org/TR/xhtml1/DTD/xhtml1-transitional.dtd">
<html xmlns="http://www.w3.org/1999/xhtml" xml:lang="en" lang="en">
 <head>
  <title>
</title>
<meta http-equiv="Content-Type" content="text/html;charset=utf-8" />
  <meta name='ocr-system' content='tesseract 3.04.00' />
  <meta name='ocr-capabilities' content='ocr_page ocr_carea ocr_par ocr_line ocrx_word'/>
</head>
<body>
  <div class='ocr_page' id='page_1' title='image "./tliviipatavinih03livigoog_0365.png"; bbox 0 0 1860 2978; ppageno 0'>
   <div class='ocr_carea' id='block_1_1' title="bbox 137 118 883 191">
    <p class='ocr_par' dir='ltr' id='par_1_1' title="bbox 137 118 883 191">
     <span class='ocr_line' id='line_1_1' title="bbox 137 118 883 191; baseline 0 -15"><span class='ocrx_word' id='word_1_1' title='bbox 137 128 150 176; x_wconf 81' lang='grc' dir='ltr'><em>ι</em></span> <span class='ocrx_word' id='word_1_2' title='bbox 248 127 282 175; x_wconf 75' lang='lat' dir='ltr'>n.</span> <span class='ocrx_word' id='word_1_3' title='bbox 297 123 403 175; x_wconf 80' lang='lat' dir='ltr'>mvn</span> <span class='ocrx_word' id='word_1_4' title='bbox 426 124 470 190; x_wconf 85' lang='lat' dir='ltr'>[u.</span> <span class='ocrx_word' id='word_1_5' title='bbox 482 124 513 173; x_wconf 88' lang='lat' dir='ltr'>c.</span> <span class='ocrx_word' id='word_1_6' title='bbox 525 120 582 176; x_wconf 73' lang='lat'>355.</span> <span class='ocrx_word' id='word_1_7' title='bbox 593 120 627 173; x_wconf 74' lang='lat' dir='ltr'>a.</span> <span class='ocrx_word' id='word_1_8' title='bbox 637 120 666 172; x_wconf 87' lang='lat' dir='ltr'>c.</span> <span class='ocrx_word' id='word_1_9' title='bbox 677 118 754 191; x_wconf 60' lang='lat' dir='ltr'>ses]</span> <span class='ocrx_word' id='word_1_10' title='bbox 882 144 883 158; x_wconf 31' lang='grc' dir='ltr'><strong>κ</strong></span> 
     </span>
    </p>
   </div>
   <div class='ocr_carea' id='block_1_2' title="bbox 103 224 883 2717">
    <p class='ocr_par' dir='ltr' id='par_1_2' title="bbox 120 224 883 575">
     <span class='ocr_line' id='line_1_2' title="bbox 131 224 883 296; baseline -0.003 -14"><span class='ocrx_word' id='word_1_11' title='bbox 131 233 217 283; x_wconf 88' lang='lat' dir='ltr'>ultum</span> <span class='ocrx_word' id='word_1_12' title='bbox 235 230 309 281; x_wconf 84' lang='lat' dir='ltr'>infra</span> <span class='ocrx_word' id='word_1_13' title='bbox 328 230 401 279; x_wconf 76' lang='lat' dir='ltr'>vium</span> <span class='ocrx_word' id='word_1_14' title='bbox 416 227 550 279; x_wconf 81' lang='lat' dir='ltr'>Tiberino</span> <span class='ocrx_word' id='word_1_15' title='bbox 570 226 648 279; x_wconf 76' lang='lat' dir='ltr'>amni</span> <span class='ocrx_word' id='word_1_16' title='bbox 664 224 812 282; x_wconf 59' lang='lat' dir='ltr'>dacem.</span> <span class='ocrx_word' id='word_1_17' title='bbox 855 233 883 296; x_wconf 64' lang='grc' dir='ltr'><em>Ε</em></span> 
     </span>
     <span class='ocr_line' id='line_1_3' title="bbox 127 297 883 364; baseline -0.004 -12"><span class='ocrx_word' id='word_1_18' title='bbox 127 303 195 353; x_wconf 73' lang='lat' dir='ltr'>ninia</span> <span class='ocrx_word' id='word_1_19' title='bbox 206 306 302 351; x_wconf 84' lang='lat' dir='ltr'>contra</span> <span class='ocrx_word' id='word_1_20' title='bbox 312 298 440 364; x_wconf 78' lang='lat' dir='ltr'>circaque</span> <span class='ocrx_word' id='word_1_21' title='bbox 450 297 574 349; x_wconf 84' lang='lat' dir='ltr'>hostium</span> <span class='ocrx_word' id='word_1_22' title='bbox 589 297 673 363; x_wconf 81' lang='lat' dir='ltr'>plena</span> <span class='ocrx_word' id='word_1_23' title='bbox 683 304 781 360; x_wconf 76' lang='lat' dir='ltr'>eraut,</span> <span class='ocrx_word' id='word_1_24' title='bbox 802 304 831 351; x_wconf 89' lang='lat' dir='ltr'>et</span> <span class='ocrx_word' id='word_1_25' title='bbox 840 297 883 362; x_wconf 75' lang='lat' dir='ltr'>nst</span> 
     </span>
     <span class='ocr_line' id='line_1_4' title="bbox 121 367 883 472; baseline -0.004 -50"><span class='ocrx_word' id='word_1_26' title='bbox 121 386 226 422; x_wconf 71' lang='lat' dir='ltr'>suanos</span> <span class='ocrx_word' id='word_1_27' title='bbox 244 367 378 419; x_wconf 92' lang='lat' dir='ltr'>tumultus</span> <span class='ocrx_word' id='word_1_28' title='bbox 393 381 473 433; x_wconf 83' lang='lat' dir='ltr'>gens,</span> <span class='ocrx_word' id='word_1_29' title='bbox 492 367 567 418; x_wconf 87' lang='lat' dir='ltr'>truci</span> <span class='ocrx_word' id='word_1_30' title='bbox 581 376 665 421; x_wconf 83' lang='lat' dir='ltr'>cantu</span> <span class='ocrx_word' id='word_1_31' title='bbox 680 367 883 472; x_wconf 38' lang='lat' dir='ltr'>elemptim}</span> 
     </span>
     <span class='ocr_line' id='line_1_5' title="bbox 120 436 883 503; baseline -0.003 -12"><span class='ocrx_word' id='word_1_32' title='bbox 120 441 194 500; x_wconf 88' lang='lat' dir='ltr'>ariis,</span> <span class='ocrx_word' id='word_1_33' title='bbox 205 436 344 489; x_wconf 76' lang='lat' dir='ltr'>llorrendo</span> <span class='ocrx_word' id='word_1_34' title='bbox 355 443 455 488; x_wconf 87' lang='lat' dir='ltr'>cuncta</span> <span class='ocrx_word' id='word_1_35' title='bbox 464 436 672 503; x_wconf 75' lang='lat' dir='ltr'>compleverant</span> <span class='ocrx_word' id='word_1_36' title='bbox 679 452 762 491; x_wconf 81' lang='lat' dir='ltr'>sono.</span> <span class='ocrx_word' id='word_1_37' title='bbox 882 484 883 498; x_wconf 66' lang='grc'>,</span> 
     </span>
     <span class='ocr_line' id='line_1_6' title="bbox 153 505 875 575; baseline 0.003 -18"><span class='ocrx_word' id='word_1_38' title='bbox 153 505 306 559; x_wconf 80' lang='lat' dir='ltr'>xxxvlu.</span> <span class='ocrx_word' id='word_1_39' title='bbox 325 507 368 558; x_wconf 90' lang='lat' dir='ltr'>lbi</span> <span class='ocrx_word' id='word_1_40' title='bbox 381 507 485 558; x_wconf 82' lang='lat' dir='ltr'>tribuni</span> <span class='ocrx_word' id='word_1_41' title='bbox 497 506 631 570; x_wconf 86' lang='lat' dir='ltr'>militum,</span> <span class='ocrx_word' id='word_1_42' title='bbox 649 522 707 559; x_wconf 89' lang='lat' dir='ltr'>nou</span> <span class='ocrx_word' id='word_1_43' title='bbox 725 506 792 559; x_wconf 81' lang='lat' dir='ltr'>loco</span> <span class='ocrx_word' id='word_1_44' title='bbox 871 567 875 575; x_wconf 35' lang='grc' dir='ltr'>Ι</span> 
     </span>
    </p>

    <p class='ocr_par' dir='ltr' id='par_1_3' title="bbox 103 576 883 2717">
     <span class='ocr_line' id='line_1_7' title="bbox 106 576 820 645; baseline 0.003 -18"><span class='ocrx_word' id='word_1_45' title='bbox 106 584 167 627; x_wconf 80' lang='lat' dir='ltr'>unte</span> <span class='ocrx_word' id='word_1_46' title='bbox 179 584 271 642; x_wconf 83' lang='lat' dir='ltr'>capto,</span> <span class='ocrx_word' id='word_1_47' title='bbox 282 593 338 629; x_wconf 90' lang='lat' dir='ltr'>non</span> <span class='ocrx_word' id='word_1_48' title='bbox 346 576 611 645; x_wconf 75' lang='lat' dir='ltr'>praemunitos-allo,</span> <span class='ocrx_word' id='word_1_49' title='bbox 621 592 676 644; x_wconf 86' lang='lat' dir='ltr'>quo</span> <span class='ocrx_word' id='word_1_50' title='bbox 687 583 820 643; x_wconf 77' lang='lat' dir='ltr'>receptus</span> 
     </span>
     <span class='ocr_line' id='line_1_8' title="bbox 103 644 844 711; baseline 0.004 -15"><span class='ocrx_word' id='word_1_51' title='bbox 103 663 158 697; x_wconf 89' lang='lat' dir='ltr'>non</span> <span class='ocrx_word' id='word_1_52' title='bbox 169 645 284 697; x_wconf 87' lang='lat' dir='ltr'>deorum</span> <span class='ocrx_word' id='word_1_53' title='bbox 294 647 405 711; x_wconf 87' lang='lat' dir='ltr'>saltem,</span> <span class='ocrx_word' id='word_1_54' title='bbox 424 648 449 699; x_wconf 86' lang='lat' dir='ltr'>si</span> <span class='ocrx_word' id='word_1_55' title='bbox 458 661 515 698; x_wconf 89' lang='lat' dir='ltr'>non</span> <span class='ocrx_word' id='word_1_56' title='bbox 524 644 676 710; x_wconf 86' lang='lat' dir='ltr'>hominum,</span> <span class='ocrx_word' id='word_1_57' title='bbox 693 660 844 709; x_wconf 77' lang='lat' dir='ltr'>mensores,</span> 
     </span>
     <span class='ocr_line' id='line_1_9' title="bbox 103 706 883 785; baseline 0.004 -19"><span class='ocrx_word' id='word_1_58' title='bbox 103 715 255 782; x_wconf 85' lang='lat' dir='ltr'>auspicato,</span> <span class='ocrx_word' id='word_1_59' title='bbox 277 732 329 767; x_wconf 90' lang='lat' dir='ltr'>neo</span> <span class='ocrx_word' id='word_1_60' title='bbox 342 717 437 778; x_wconf 84' lang='lat' dir='ltr'>litato,</span> <span class='ocrx_word' id='word_1_61' title='bbox 457 717 598 767; x_wconf 85' lang='lat' dir='ltr'>instruunt</span> <span class='ocrx_word' id='word_1_62' title='bbox 614 716 706 767; x_wconf 71' lang='lat' dir='ltr'>eciem</span> <span class='ocrx_word' id='word_1_63' title='bbox 721 706 883 785; x_wconf 74' lang='lat' dir='ltr'>diduiltami</span> 
     </span>
     <span class='ocr_line' id='line_1_10' title="bbox 106 782 883 859; baseline 0 -22"><span class='ocrx_word' id='word_1_64' title='bbox 106 801 219 847; x_wconf 86' lang='lat' dir='ltr'>cornua,</span> <span class='ocrx_word' id='word_1_65' title='bbox 229 786 464 838; x_wconf 75' lang='lat' dir='ltr'>neeircumuenlri</span> <span class='ocrx_word' id='word_1_66' title='bbox 473 782 883 859; x_wconf 63' lang='lat' dir='ltr'>multitudiuehostiumposse!</span> 
     </span>
     <span class='ocr_line' id='line_1_11' title="bbox 106 855 883 921; baseline -0.003 -14"><span class='ocrx_word' id='word_1_67' title='bbox 106 856 165 907; x_wconf 75' lang='lat' dir='ltr'>Nec</span> <span class='ocrx_word' id='word_1_68' title='bbox 175 861 268 906; x_wconf 77' lang='lat' dir='ltr'>tannen</span> <span class='ocrx_word' id='word_1_69' title='bbox 279 856 393 921; x_wconf 84' lang='lat' dir='ltr'>aequari</span> <span class='ocrx_word' id='word_1_70' title='bbox 403 855 511 906; x_wconf 77' lang='lat' dir='ltr'>frontes</span> <span class='ocrx_word' id='word_1_71' title='bbox 521 860 660 920; x_wconf 76' lang='lat' dir='ltr'>poterant,</span> <span class='ocrx_word' id='word_1_72' title='bbox 671 860 883 920; x_wconf 64' lang='lat' dir='ltr'>quassatusue</span> 
     </span>
     <span class='ocr_line' id='line_1_12' title="bbox 107 918 883 977; baseline -0.001 -3"><span class='ocrx_word' id='word_1_73' title='bbox 107 925 143 974; x_wconf 92' lang='lat' dir='ltr'>do</span> <span class='ocrx_word' id='word_1_74' title='bbox 158 924 295 975; x_wconf 86' lang='lat' dir='ltr'>infirmam</span> <span class='ocrx_word' id='word_1_75' title='bbox 312 930 341 977; x_wconf 88' lang='lat' dir='ltr'>et</span> <span class='ocrx_word' id='word_1_76' title='bbox 356 924 402 977; x_wconf 73' lang='lat' dir='ltr'>vin</span> <span class='ocrx_word' id='word_1_77' title='bbox 419 922 611 977; x_wconf 79' lang='lat' dir='ltr'>cohaerentem</span> <span class='ocrx_word' id='word_1_78' title='bbox 622 923 747 975; x_wconf 82' lang='lat' dir='ltr'>medinm</span> <span class='ocrx_word' id='word_1_79' title='bbox 762 918 883 975; x_wconf 78' lang='lat' dir='ltr'>aeiemll</span> 
     </span>
     <span class='ocr_line' id='line_1_13' title="bbox 106 981 814 1055; baseline -0.003 -10"><span class='ocrx_word' id='word_1_80' title='bbox 106 994 212 1046; x_wconf 89' lang='lat' dir='ltr'>berent.</span> <span class='ocrx_word' id='word_1_81' title='bbox 247 981 376 1045; x_wconf 73' lang='lat' dir='ltr'>Peiullum</span> <span class='ocrx_word' id='word_1_82' title='bbox 397 997 458 1044; x_wconf 82' lang='lat' dir='ltr'>erat</span> <span class='ocrx_word' id='word_1_83' title='bbox 479 992 514 1041; x_wconf 87' lang='lat' dir='ltr'>ab</span> <span class='ocrx_word' id='word_1_84' title='bbox 535 988 636 1041; x_wconf 81' lang='lat' dir='ltr'>dextra</span> <span class='ocrx_word' id='word_1_85' title='bbox 652 988 724 1041; x_wconf 81' lang='lat' dir='ltr'>sdlti</span> <span class='ocrx_word' id='word_1_86' title='bbox 739 990 814 1055; x_wconf 80' lang='lat' dir='ltr'>loci,</span> 
     </span>
     <span class='ocr_line' id='line_1_14' title="bbox 106 1056 864 1129; baseline 0.003 -18"><span class='ocrx_word' id='word_1_87' title='bbox 106 1061 284 1113; x_wconf 73' lang='lat' dir='ltr'>subsidiariis</span> <span class='ocrx_word' id='word_1_88' title='bbox 295 1061 398 1129; x_wconf 81' lang='lat' dir='ltr'>repleri</span> <span class='ocrx_word' id='word_1_89' title='bbox 406 1060 525 1127; x_wconf 81' lang='lat' dir='ltr'>placuit3</span> <span class='ocrx_word' id='word_1_90' title='bbox 537 1074 626 1125; x_wconf 84' lang='lat' dir='ltr'>eaque</span> <span class='ocrx_word' id='word_1_91' title='bbox 635 1074 691 1120; x_wconf 86' lang='lat' dir='ltr'>res,</span> <span class='ocrx_word' id='word_1_92' title='bbox 700 1065 735 1111; x_wconf 93' lang='lat' dir='ltr'>ut</span> <span class='ocrx_word' id='word_1_93' title='bbox 744 1056 864 1113; x_wconf 85' lang='lat' dir='ltr'>initium¹</span> 
     </span>
     <span class='ocr_line' id='line_1_15' title="bbox 106 1127 809 1199; baseline -0.006 -16"><span class='ocrx_word' id='word_1_94' title='bbox 106 1130 184 1183; x_wconf 77' lang='lat' dir='ltr'>voris</span> <span class='ocrx_word' id='word_1_95' title='bbox 194 1148 228 1183; x_wconf 85' lang='lat' dir='ltr'>ac</span> <span class='ocrx_word' id='word_1_96' title='bbox 237 1130 335 1199; x_wconf 83' lang='lat' dir='ltr'>fugae,</span> <span class='ocrx_word' id='word_1_97' title='bbox 357 1132 398 1181; x_wconf 86' lang='lat' dir='ltr'>sic</span> <span class='ocrx_word' id='word_1_98' title='bbox 407 1146 462 1181; x_wconf 89' lang='lat' dir='ltr'>uua</span> <span class='ocrx_word' id='word_1_99' title='bbox 471 1129 547 1181; x_wconf 87' lang='lat' dir='ltr'>salus</span> <span class='ocrx_word' id='word_1_100' title='bbox 556 1127 732 1194; x_wconf 80' lang='lat' dir='ltr'>fugientibus</span> <span class='ocrx_word' id='word_1_101' title='bbox 741 1128 809 1197; x_wconf 76' lang='lat' dir='ltr'>luit.</span> 
     </span>
     <span class='ocr_line' id='line_1_16' title="bbox 106 1190 861 1267; baseline 0 -17"><span class='ocrx_word' id='word_1_102' title='bbox 106 1200 242 1265; x_wconf 80' lang='lat' dir='ltr'>Brennus,</span> <span class='ocrx_word' id='word_1_103' title='bbox 252 1200 366 1267; x_wconf 81' lang='lat' dir='ltr'>regulus</span> <span class='ocrx_word' id='word_1_104' title='bbox 378 1200 533 1259; x_wconf 81' lang='lat' dir='ltr'>Gallorum,</span> <span class='ocrx_word' id='word_1_105' title='bbox 541 1196 570 1247; x_wconf 90' lang='lat' dir='ltr'>in</span> <span class='ocrx_word' id='word_1_106' title='bbox 581 1198 724 1263; x_wconf 81' lang='lat' dir='ltr'>paucitate</span> <span class='ocrx_word' id='word_1_107' title='bbox 732 1190 861 1260; x_wconf 59' lang='lat' dir='ltr'>mum</span> 
     </span>
     <span class='ocr_line' id='line_1_17' title="bbox 107 1203 883 1402; baseline 0.001 -82"><span class='ocrx_word' id='word_1_108' title='bbox 107 1278 163 1321; x_wconf 84' lang='lat' dir='ltr'>tem</span> <span class='ocrx_word' id='word_1_109' title='bbox 175 1270 294 1322; x_wconf 83' lang='lat' dir='ltr'>maxime</span> <span class='ocrx_word' id='word_1_110' title='bbox 306 1268 420 1331; x_wconf 88' lang='lat' dir='ltr'>timens,</span> <span class='ocrx_word' id='word_1_111' title='bbox 440 1274 518 1319; x_wconf 88' lang='lat' dir='ltr'>ratus</span> <span class='ocrx_word' id='word_1_112' title='bbox 528 1266 603 1317; x_wconf 87' lang='lat' dir='ltr'>adid</span> <span class='ocrx_word' id='word_1_113' title='bbox 614 1279 727 1334; x_wconf 87' lang='lat' dir='ltr'>captum</span> <span class='ocrx_word' id='word_1_114' title='bbox 739 1203 883 1402; x_wconf 47' lang='grc' dir='ltr'>ωρεῐὶἕὲ</span> 
     </span>
     <span class='ocr_line' id='line_1_18' title="bbox 107 1336 815 1405; baseline 0.004 -16"><span class='ocrx_word' id='word_1_115' title='bbox 107 1339 208 1401; x_wconf 83' lang='lat' dir='ltr'>locum,</span> <span class='ocrx_word' id='word_1_116' title='bbox 230 1345 270 1400; x_wconf 90' lang='lat' dir='ltr'>ut,</span> <span class='ocrx_word' id='word_1_117' title='bbox 288 1338 337 1389; x_wconf 87' lang='lat' dir='ltr'>ubi</span> <span class='ocrx_word' id='word_1_118' title='bbox 347 1338 424 1390; x_wconf 83' lang='lat' dir='ltr'>Galli</span> <span class='ocrx_word' id='word_1_119' title='bbox 433 1353 496 1389; x_wconf 89' lang='lat' dir='ltr'>cum</span> <span class='ocrx_word' id='word_1_120' title='bbox 505 1336 566 1389; x_wconf 85' lang='lat' dir='ltr'>acie</span> <span class='ocrx_word' id='word_1_121' title='bbox 576 1336 721 1404; x_wconf 84' lang='lat' dir='ltr'>legionum</span> <span class='ocrx_word' id='word_1_122' title='bbox 731 1343 815 1405; x_wconf 61' lang='lat' dir='ltr'>reete</span> 
     </span>
     <span class='ocr_line' id='line_1_19' title="bbox 108 1396 882 1477; baseline 0.006 -22"><span class='ocrx_word' id='word_1_123' title='bbox 108 1409 359 1469; x_wconf 76' lang='lat' dir='ltr'>concucurrissent,</span> <span class='ocrx_word' id='word_1_124' title='bbox 380 1407 508 1459; x_wconf 84' lang='lat' dir='ltr'>subsidia</span> <span class='ocrx_word' id='word_1_125' title='bbox 516 1406 548 1457; x_wconf 87' lang='lat' dir='ltr'>ia</span> <span class='ocrx_word' id='word_1_126' title='bbox 558 1421 671 1457; x_wconf 84' lang='lat' dir='ltr'>aversos</span> <span class='ocrx_word' id='word_1_127' title='bbox 681 1396 882 1477; x_wconf 45' lang='lat' dir='ltr'>transversos*</span> 
     </span>
     <span class='ocr_line' id='line_1_20' title="bbox 108 1474 869 1542; baseline 0.011 -18"><span class='ocrx_word' id='word_1_128' title='bbox 108 1476 241 1541; x_wconf 83' lang='lat' dir='ltr'>impetum</span> <span class='ocrx_word' id='word_1_129' title='bbox 253 1477 361 1538; x_wconf 86' lang='lat' dir='ltr'>durent,</span> <span class='ocrx_word' id='word_1_130' title='bbox 381 1476 417 1527; x_wconf 88' lang='lat' dir='ltr'>ad</span> <span class='ocrx_word' id='word_1_131' title='bbox 427 1474 609 1527; x_wconf 88' lang='lat' dir='ltr'>subsidiarios</span> <span class='ocrx_word' id='word_1_132' title='bbox 619 1476 703 1542; x_wconf 80' lang='lat' dir='ltr'>signa</span> <span class='ocrx_word' id='word_1_133' title='bbox 713 1476 869 1532; x_wconf 72' lang='lat' dir='ltr'>convestita</span> 
     </span>
     <span class='ocr_line' id='line_1_21' title="bbox 108 1543 872 1611; baseline 0.005 -16"><span class='ocrx_word' id='word_1_134' title='bbox 108 1560 156 1595; x_wconf 84' lang='lat' dir='ltr'>eos</span> <span class='ocrx_word' id='word_1_135' title='bbox 167 1545 230 1595; x_wconf 88' lang='lat' dir='ltr'>loco</span> <span class='ocrx_word' id='word_1_136' title='bbox 247 1546 413 1610; x_wconf 81' lang='lat' dir='ltr'>depulisset,</span> <span class='ocrx_word' id='word_1_137' title='bbox 433 1543 509 1595; x_wconf 89' lang='lat' dir='ltr'>haud</span> <span class='ocrx_word' id='word_1_138' title='bbox 522 1544 633 1606; x_wconf 87' lang='lat' dir='ltr'>dubius,</span> <span class='ocrx_word' id='word_1_139' title='bbox 653 1545 772 1598; x_wconf 81' lang='lat' dir='ltr'>facilem</span> <span class='ocrx_word' id='word_1_140' title='bbox 787 1547 818 1599; x_wconf 80' lang='lat' dir='ltr'>iu</span> <span class='ocrx_word' id='word_1_141' title='bbox 828 1560 872 1611; x_wconf 65' lang='lat' dir='ltr'>m</span> 
     </span>
     <span class='ocr_line' id='line_1_22' title="bbox 108 1610 867 1678; baseline 0.013 -16"><span class='ocrx_word' id='word_1_142' title='bbox 108 1614 198 1677; x_wconf 64' lang='lat' dir='ltr'>&lt;nimpi</span> <span class='ocrx_word' id='word_1_143' title='bbox 208 1619 316 1662; x_wconf 88' lang='lat' dir='ltr'>tantum</span> <span class='ocrx_word' id='word_1_144' title='bbox 327 1614 471 1678; x_wconf 83' lang='lat' dir='ltr'>superanti</span> <span class='ocrx_word' id='word_1_145' title='bbox 485 1613 657 1664; x_wconf 84' lang='lat' dir='ltr'>multitudini</span> <span class='ocrx_word' id='word_1_146' title='bbox 671 1610 867 1672; x_wconf 50' lang='lat' dir='ltr'>uictoriam}</span> 
     </span>
     <span class='ocr_line' id='line_1_23' title="bbox 108 1680 862 1758; baseline 0.009 -27"><span class='ocrx_word' id='word_1_147' title='bbox 108 1682 178 1732; x_wconf 88' lang='lat' dir='ltr'>adeo</span> <span class='ocrx_word' id='word_1_148' title='bbox 190 1698 245 1731; x_wconf 88' lang='lat' dir='ltr'>mm</span> <span class='ocrx_word' id='word_1_149' title='bbox 256 1680 372 1733; x_wconf 77' lang='lat' dir='ltr'>fortuna</span> <span class='ocrx_word' id='word_1_150' title='bbox 382 1682 474 1744; x_wconf 74' lang='lat' dir='ltr'>niodo,</span> <span class='ocrx_word' id='word_1_151' title='bbox 484 1682 533 1733; x_wconf 86' lang='lat' dir='ltr'>sed</span> <span class='ocrx_word' id='word_1_152' title='bbox 545 1684 620 1733; x_wconf 86' lang='lat' dir='ltr'>ratio</span> <span class='ocrx_word' id='word_1_153' title='bbox 631 1685 729 1746; x_wconf 84' lang='lat' dir='ltr'>etiam,</span> <span class='ocrx_word' id='word_1_154' title='bbox 741 1686 862 1758; x_wconf 70' lang='lat' dir='ltr'>011an</span> 
     </span>
     <span class='ocr_line' id='line_1_24' title="bbox 109 1750 858 1819; baseline 0.009 -19"><span class='ocrx_word' id='word_1_155' title='bbox 109 1753 145 1801; x_wconf 84' lang='lat' dir='ltr'>ris</span> <span class='ocrx_word' id='word_1_156' title='bbox 157 1752 260 1803; x_wconf 81' lang='lat' dir='ltr'>stabat.</span> <span class='ocrx_word' id='word_1_157' title='bbox 297 1752 328 1802; x_wconf 91' lang='lat' dir='ltr'>ln</span> <span class='ocrx_word' id='word_1_158' title='bbox 340 1751 428 1803; x_wconf 81' lang='lat' dir='ltr'>altera</span> <span class='ocrx_word' id='word_1_159' title='bbox 439 1751 499 1802; x_wconf 84' lang='lat' dir='ltr'>acie</span> <span class='ocrx_word' id='word_1_160' title='bbox 510 1750 579 1802; x_wconf 88' lang='lat' dir='ltr'>nihil</span> <span class='ocrx_word' id='word_1_161' title='bbox 589 1753 681 1805; x_wconf 86' lang='lat' dir='ltr'>simile</span> <span class='ocrx_word' id='word_1_162' title='bbox 693 1755 858 1819; x_wconf 61' lang='lat' dir='ltr'>Romanius</span> 
     </span>
     <span class='ocr_line' id='line_1_25' title="bbox 109 1820 853 1895; baseline 0.009 -24"><span class='ocrx_word' id='word_1_163' title='bbox 109 1820 181 1887; x_wconf 92' lang='lat' dir='ltr'>apud</span> <span class='ocrx_word' id='word_1_164' title='bbox 194 1821 292 1884; x_wconf 85' lang='lat' dir='ltr'>duces,</span> <span class='ocrx_word' id='word_1_165' title='bbox 312 1838 366 1873; x_wconf 91' lang='lat' dir='ltr'>non</span> <span class='ocrx_word' id='word_1_166' title='bbox 378 1821 450 1888; x_wconf 88' lang='lat' dir='ltr'>apud</span> <span class='ocrx_word' id='word_1_167' title='bbox 462 1820 566 1871; x_wconf 86' lang='lat' dir='ltr'>milites</span> <span class='ocrx_word' id='word_1_168' title='bbox 581 1826 653 1874; x_wconf 85' lang='lat' dir='ltr'>erat.</span> <span class='ocrx_word' id='word_1_169' title='bbox 688 1823 853 1895; x_wconf 61' lang='lat' dir='ltr'>Pavorem</span> 
     </span>
     <span class='ocr_line' id='line_1_26' title="bbox 109 1890 848 1966; baseline 0.007 -24"><span class='ocrx_word' id='word_1_170' title='bbox 109 1898 294 1957; x_wconf 81' lang='lat' dir='ltr'>occupaverat</span> <span class='ocrx_word' id='word_1_171' title='bbox 314 1893 435 1954; x_wconf 81' lang='lat' dir='ltr'>aninlos,</span> <span class='ocrx_word' id='word_1_172' title='bbox 456 1897 484 1943; x_wconf 86' lang='lat' dir='ltr'>et</span> <span class='ocrx_word' id='word_1_173' title='bbox 504 1897 583 1941; x_wconf 87' lang='lat' dir='ltr'>tanta</span> <span class='ocrx_word' id='word_1_174' title='bbox 599 1890 725 1943; x_wconf 88' lang='lat' dir='ltr'>emnium</span> <span class='ocrx_word' id='word_1_175' title='bbox 743 1895 848 1966; x_wconf 54' lang='lat' dir='ltr'>oblivis</span> 
     </span>
     <span class='ocr_line' id='line_1_27' title="bbox 108 1956 843 2029; baseline 0.005 -20"><span class='ocrx_word' id='word_1_176' title='bbox 108 1961 197 2012; x_wconf 85' lang='lat' dir='ltr'>umlto</span> <span class='ocrx_word' id='word_1_177' title='bbox 214 1963 302 2014; x_wconf 86' lang='lat' dir='ltr'>maior</span> <span class='ocrx_word' id='word_1_178' title='bbox 318 1979 384 2029; x_wconf 88' lang='lat' dir='ltr'>pars</span> <span class='ocrx_word' id='word_1_179' title='bbox 398 1962 498 2022; x_wconf 84' lang='lat' dir='ltr'>Veios,</span> <span class='ocrx_word' id='word_1_180' title='bbox 515 1960 544 2009; x_wconf 90' lang='lat' dir='ltr'>iu</span> <span class='ocrx_word' id='word_1_181' title='bbox 559 1956 681 2009; x_wconf 84' lang='lat' dir='ltr'>hostium</span> <span class='ocrx_word' id='word_1_182' title='bbox 696 1961 815 2026; x_wconf 80' lang='lat' dir='ltr'>urbem,</span> <span class='ocrx_word' id='word_1_183' title='bbox 833 1978 843 2013; x_wconf 83' lang='lat' dir='ltr'>t</span> 
     </span>
     <span class='ocr_line' id='line_1_28' title="bbox 108 2029 839 2097; baseline 0.008 -20"><span class='ocrx_word' id='word_1_184' title='bbox 108 2031 218 2081; x_wconf 78' lang='lat' dir='ltr'>&#39;liberis</span> <span class='ocrx_word' id='word_1_185' title='bbox 229 2040 350 2093; x_wconf 83' lang='lat' dir='ltr'>arceret,</span> <span class='ocrx_word' id='word_1_186' title='bbox 372 2047 454 2097; x_wconf 85' lang='lat' dir='ltr'>quam</span> <span class='ocrx_word' id='word_1_187' title='bbox 464 2036 541 2081; x_wconf 83' lang='lat' dir='ltr'>recto</span> <span class='ocrx_word' id='word_1_188' title='bbox 558 2030 659 2079; x_wconf 85' lang='lat' dir='ltr'>itinere</span> <span class='ocrx_word' id='word_1_189' title='bbox 670 2029 796 2083; x_wconf 82' lang='lat' dir='ltr'>Romam</span> <span class='ocrx_word' id='word_1_190' title='bbox 806 2032 839 2083; x_wconf 85' lang='lat' dir='ltr'>ad</span> 
     </span>
     <span class='ocr_line' id='line_1_29' title="bbox 107 2098 833 2166; baseline 0.012 -21"><span class='ocrx_word' id='word_1_191' title='bbox 107 2098 187 2163; x_wconf 81' lang='lat' dir='ltr'>iuges</span> <span class='ocrx_word' id='word_1_192' title='bbox 200 2115 232 2149; x_wconf 84' lang='lat' dir='ltr'>ae</span> <span class='ocrx_word' id='word_1_193' title='bbox 242 2100 347 2150; x_wconf 84' lang='lat' dir='ltr'>liberos</span> <span class='ocrx_word' id='word_1_194' title='bbox 359 2100 495 2166; x_wconf 81' lang='lat' dir='ltr'>sugerent.</span> <span class='ocrx_word' id='word_1_195' title='bbox 513 2098 666 2163; x_wconf 81' lang='lat' dir='ltr'>Parumper</span> <span class='ocrx_word' id='word_1_196' title='bbox 674 2098 833 2153; x_wconf 80' lang='lat' dir='ltr'>subsidiari</span> 
     </span>
     <span class='ocr_line' id='line_1_30' title="bbox 106 2167 829 2233; baseline 0.012 -21"><span class='ocrx_word' id='word_1_197' title='bbox 106 2172 183 2214; x_wconf 84' lang='lat' dir='ltr'>tatus</span> <span class='ocrx_word' id='word_1_198' title='bbox 194 2173 236 2217; x_wconf 88' lang='lat' dir='ltr'>est</span> <span class='ocrx_word' id='word_1_199' title='bbox 247 2168 339 2218; x_wconf 92' lang='lat' dir='ltr'>locus:</span> <span class='ocrx_word' id='word_1_200' title='bbox 352 2169 378 2218; x_wconf 90' lang='lat' dir='ltr'>in</span> <span class='ocrx_word' id='word_1_201' title='bbox 390 2170 497 2233; x_wconf 84' lang='lat' dir='ltr'>reliqua</span> <span class='ocrx_word' id='word_1_202' title='bbox 508 2168 567 2218; x_wconf 89' lang='lat' dir='ltr'>acie</span> <span class='ocrx_word' id='word_1_203' title='bbox 577 2167 658 2218; x_wconf 91' lang='lat' dir='ltr'>simul</span> <span class='ocrx_word' id='word_1_204' title='bbox 670 2178 715 2219; x_wconf 81' lang='lat' dir='ltr'>est</span> <span class='ocrx_word' id='word_1_205' title='bbox 723 2168 829 2223; x_wconf 82' lang='lat' dir='ltr'>clamor</span> 
     </span>
     <span class='ocr_line' id='line_1_31' title="bbox 105 2233 824 2307; baseline 0.011 -24"><span class='ocrx_word' id='word_1_206' title='bbox 105 2233 187 2283; x_wconf 68' lang='lat' dir='ltr'>silisis</span> <span class='ocrx_word' id='word_1_207' title='bbox 198 2236 233 2285; x_wconf 88' lang='lat' dir='ltr'>ab</span> <span class='ocrx_word' id='word_1_208' title='bbox 244 2235 341 2298; x_wconf 84' lang='lat' dir='ltr'>latere,</span> <span class='ocrx_word' id='word_1_209' title='bbox 361 2238 468 2288; x_wconf 83' lang='lat' dir='ltr'>ultimis</span> <span class='ocrx_word' id='word_1_210' title='bbox 479 2239 512 2288; x_wconf 85' lang='lat' dir='ltr'>ab</span> <span class='ocrx_word' id='word_1_211' title='bbox 526 2244 619 2303; x_wconf 82' lang='lat' dir='ltr'>tergo,</span> <span class='ocrx_word' id='word_1_212' title='bbox 640 2238 768 2301; x_wconf 85' lang='lat' dir='ltr'>auditus,</span> <span class='ocrx_word' id='word_1_213' title='bbox 787 2240 824 2307; x_wconf 75' lang='lat' dir='ltr'>ig</span> 
     </span>
     <span class='ocr_line' id='line_1_32' title="bbox 105 2300 820 2373; baseline 0.014 -22"><span class='ocrx_word' id='word_1_214' title='bbox 105 2300 213 2353; x_wconf 82' lang='lat' dir='ltr'>hostem</span> <span class='ocrx_word' id='word_1_215' title='bbox 228 2304 304 2368; x_wconf 88' lang='lat' dir='ltr'>prius</span> <span class='ocrx_word' id='word_1_216' title='bbox 322 2320 409 2368; x_wconf 88' lang='lat' dir='ltr'>paene</span> <span class='ocrx_word' id='word_1_217' title='bbox 424 2322 505 2373; x_wconf 88' lang='lat' dir='ltr'>quam</span> <span class='ocrx_word' id='word_1_218' title='bbox 525 2307 665 2369; x_wconf 74' lang='lat' dir='ltr'>uiderent,</span> <span class='ocrx_word' id='word_1_219' title='bbox 685 2323 745 2359; x_wconf 88' lang='lat' dir='ltr'>nou</span> <span class='ocrx_word' id='word_1_220' title='bbox 758 2310 820 2363; x_wconf 84' lang='lat' dir='ltr'>moi</span> 
     </span>
     <span class='ocr_line' id='line_1_33' title="bbox 105 2374 813 2443; baseline 0.01 -19"><span class='ocrx_word' id='word_1_221' title='bbox 105 2378 213 2424; x_wconf 87' lang='lat' dir='ltr'>tentato</span> <span class='ocrx_word' id='word_1_222' title='bbox 230 2374 393 2437; x_wconf 83' lang='lat' dir='ltr'>certamine,</span> <span class='ocrx_word' id='word_1_223' title='bbox 413 2377 462 2426; x_wconf 86' lang='lat' dir='ltr'>sed</span> <span class='ocrx_word' id='word_1_224' title='bbox 478 2392 512 2427; x_wconf 91' lang='lat' dir='ltr'>ne</span> <span class='ocrx_word' id='word_1_225' title='bbox 526 2377 648 2428; x_wconf 81' lang='lat' dir='ltr'>clamore</span> <span class='ocrx_word' id='word_1_226' title='bbox 663 2377 780 2443; x_wconf 82' lang='lat' dir='ltr'>quidem</span> <span class='ocrx_word' id='word_1_227' title='bbox 795 2394 813 2431; x_wconf 85' lang='grc' dir='ltr'>ι·</span> 
     </span>
     <span class='ocr_line' id='line_1_34' title="bbox 104 2440 810 2512; baseline 0.01 -22"><span class='ocrx_word' id='word_1_228' title='bbox 104 2443 207 2511; x_wconf 82' lang='lat' dir='ltr'>integri</span> <span class='ocrx_word' id='word_1_229' title='bbox 227 2442 379 2508; x_wconf 88' lang='lat' dir='ltr'>intactique</span> <span class='ocrx_word' id='word_1_230' title='bbox 400 2443 537 2512; x_wconf 81' lang='lat' dir='ltr'>fugerunt.</span> <span class='ocrx_word' id='word_1_231' title='bbox 584 2440 726 2497; x_wconf 77' lang='lat' dir='ltr'>Nee&#39;ulla</span> <span class='ocrx_word' id='word_1_232' title='bbox 747 2464 810 2501; x_wconf 78' lang='lat' dir='ltr'>caes</span> 
     </span>
     <span class='ocr_line' id='line_1_35' title="bbox 104 2512 805 2581; baseline 0.013 -21"><span class='ocrx_word' id='word_1_233' title='bbox 104 2515 246 2575; x_wconf 69' lang='lat' dir='ltr'>gulssutlum</span> <span class='ocrx_word' id='word_1_234' title='bbox 258 2512 324 2563; x_wconf 83' lang='lat' dir='ltr'>fuit:</span> <span class='ocrx_word' id='word_1_235' title='bbox 342 2518 423 2581; x_wconf 81' lang='lat' dir='ltr'>terga</span> <span class='ocrx_word' id='word_1_236' title='bbox 436 2530 517 2565; x_wconf 85' lang='lat' dir='ltr'>caesa</span> <span class='ocrx_word' id='word_1_237' title='bbox 527 2520 636 2566; x_wconf 89' lang='lat' dir='ltr'>suomet</span> <span class='ocrx_word' id='word_1_238' title='bbox 648 2514 776 2581; x_wconf 84' lang='lat' dir='ltr'>ipsorum</span> <span class='ocrx_word' id='word_1_239' title='bbox 791 2532 805 2569; x_wconf 83' lang='lat' dir='ltr'>e</span> 
     </span>
     <span class='ocr_line' id='line_1_36' title="bbox 103 2582 798 2654; baseline 0.017 -28"><span class='ocrx_word' id='word_1_240' title='bbox 103 2594 138 2630; x_wconf 86' lang='lat' dir='ltr'>ne</span> <span class='ocrx_word' id='word_1_241' title='bbox 156 2582 183 2632; x_wconf 89' lang='lat' dir='ltr'>in</span> <span class='ocrx_word' id='word_1_242' title='bbox 199 2584 281 2633; x_wconf 81' lang='lat' dir='ltr'>turba</span> <span class='ocrx_word' id='word_1_243' title='bbox 295 2582 504 2648; x_wconf 84' lang='lat' dir='ltr'>impedientium</span> <span class='ocrx_word' id='word_1_244' title='bbox 520 2582 624 2649; x_wconf 78' lang='lat' dir='ltr'>lugam.</span> <span class='ocrx_word' id='word_1_245' title='bbox 661 2586 745 2637; x_wconf 82' lang='lat' dir='ltr'>Circa</span> <span class='ocrx_word' id='word_1_246' title='bbox 761 2588 798 2654; x_wconf 73' lang='lat' dir='ltr'>rip</span> 
     </span>
     <span class='ocr_line' id='line_1_37' title="bbox 103 2646 794 2717; baseline 0.016 -18"><span class='ocrx_word' id='word_1_247' title='bbox 103 2646 187 2710; x_wconf 72' lang='lat' dir='ltr'>bens,</span> <span class='ocrx_word' id='word_1_248' title='bbox 199 2666 254 2717; x_wconf 84' lang='lat' dir='ltr'>quo</span> <span class='ocrx_word' id='word_1_249' title='bbox 264 2653 349 2704; x_wconf 75' lang='lat' dir='ltr'>annuis</span> <span class='ocrx_word' id='word_1_250' title='bbox 359 2653 475 2715; x_wconf 76' lang='lat' dir='ltr'>abiectis</span> <span class='ocrx_word' id='word_1_251' title='bbox 486 2660 575 2705; x_wconf 88' lang='lat' dir='ltr'>totum</span> <span class='ocrx_word' id='word_1_252' title='bbox 585 2655 729 2707; x_wconf 87' lang='lat' dir='ltr'>sinistrum</span> <span class='ocrx_word' id='word_1_253' title='bbox 742 2672 794 2709; x_wconf 86' lang='lat' dir='ltr'>cor</span> 
     </span>
    </p>
   </div>
   <div class='ocr_carea' id='block_1_3' title="bbox 0 0 934 2978">
    <p class='ocr_par' dir='ltr' id='par_1_4' title="bbox 0 0 934 2978">
     <span class='ocr_line' id='line_1_38' title="bbox 0 0 934 2978; baseline 0 1"><span class='ocrx_word' id='word_1_254' title='bbox 0 0 934 2978; x_wconf 95' lang='lat' dir='ltr'> </span> 
     </span>
    </p>
   </div>
  </div>
 </body>
</html>
