1898 3292
54 110 105 165 3³8
202 112 236 163 T.
253 108 367 162 lell
384 109 427 180 [U.
438 110 469 163 C.
480 112 539 165 564.
557 109 590 161 A.
601 110 633 161 C.
643 110 717 178 588]

57 186 856 209 Μαι-ιι*

107 214 235 267 XXXIV.
252 214 297 265 De
309 215 432 265 transitu
453 214 483 266 lu
497 213 611 265 ltaliam
628 214 780 267 Gallorum
793 214 855 268 baec
891 214 894 233 ¹

57 286 221 352 accepimus.
257 282 354 334 Prisco
365 284 518 351 Tarquinio
529 284 636 336 Rornae
646 294 792 353 regnante,
803 282 856 337 cel·

58 366 158 415 tarum,
179 368 249 420 quae
259 368 324 419 pars
335 352 445 405 Galliae
456 354 605 415 tertiaeet,
624 370 712 421 penes
721 356 856 422 Bituriges
888 412 891 417 ,

58 438 164 475 summa
176 424 290 489 imperii
304 421 370 473 fuit:
391 424 414 474 ii
423 438 518 491 regem
529 424 637 475 Celtico
652 424 768 478 dabant.
802 427 857 476 Am·

58 495 169 559 bigatus
179 493 205 543 is
215 492 278 554 luit,
286 494 391 545 virtute
401 492 571 560 fortunaque
582 508 665 561 quum
676 510 738 557 sua,
745 501 806 547 tum
810 508 857 613 pu·

58 562 146 623 blica,
166 562 360 628 praepollens,
380 562 454 629 quod
469 563 590 628 imperio
607 563 669 615 eius
681 564 779 616 Gallia
790 577 809 614 a
828 576 856 615 eu

58 632 168 699 frugum
178 631 375 698 hominumque
384 632 487 685 fertilis
497 630 561 693 fuit,
572 638 604 682 nt
614 634 761 686 abundans
771 633 856 684 multi·

58 700 126 752 tudo
137 702 183 751 rix
193 703 253 769 regi
264 701 405 753 rideretur
418 716 509 767 pesse.
545 702 602 752 llic
612 716 718 770 magno
730 710 796 756 natu
804 704 855 769 ipse
875 712 879 737 ³

56 773 122 833 iam,
142 786 295 823 eximerere
305 778 508 837 praegravante
518 771 732 838 turbaregnum
744 774 855 841 cupiens,
879 789 884 842 q

57 841 235 893 Bellovesum
252 857 285 891 ae
300 840 477 907 Siguresum,
497 842 603 892 sororis
619 842 709 906 lilios,
730 843 854 909 impigros

56 915 184 973 iuuenes,
200 911 351 960 missurum
361 925 391 961 se
402 926 471 972 esse,
489 910 520 960 in
530 925 600 977 quas
611 910 654 961 dii
663 912 809 965 dedissent
817 924 854 961 au·
870 910 878 962 l

56 982 145 1049 guriis
157 980 251 1042 selles,
264 978 401 1031 'ostendit
433 979 578 1040 ¹(lrrttntum
590 981 646 1047 ipsi
654 982 766 1035 uellent
775 993 854 1033 nume

56 1066 118 1101 rum
128 1048 269 1101 huminum
281 1049 414 1112 exurent,
424 1064 525 1116 oeque
534 1065 602 1117 gens
614 1066 714 1103 arcere
721 1051 855 1103 advenien-

58 1128 100 1173 tes
121 1127 224 1186 possem
260 1120 332 1170 Tum
353 1118 488 1186 Sigoreso
510 1120 633 1170 sortibus
656 1120 719 1172 dati
731 1116 856 1187 ueremi
880 1152 885 1162 ·

57 1192 158 1241 saltus:
178 1189 327 1241 Belloveso
343 1187 417 1239 baud
433 1188 529 1255 paullo
544 1189 697 1243 laetiorem
712 1192 743 1242 in
758 1189 856 1242 ltaliam
878 1198 886 1282 q

57 1262 132 1311 siam
143 1260 306 1309 diluebant.
323 1259 360 1321 Is,
372 1259 448 1325 quod
459 1259 517 1310 eius
526 1274 563 1311 ex
573 1260 686 1325 populis
699 1260 856 1319 abundabat,
882 1285 887 1339 Ι

57 1330 215 1396 Bituriges,
234 1331 385 1391 Ars-erues,
405 1327 541 1391 Semnus,
564 1330 688 1393 Aeduos,
709 1332 856 1389 Ambarros,

59 1402 207 1459 Carnutes,
227 1399 372 1459 Aulercos,
393 1397 504 1450 excute,
539 1397 691 1451 Profectus
713 1398 857 1469 ingentibus

58 1468 183 1535 peditum
197 1468 384 1533 equitumque
405 1468 506 1534 copiis,
528 1468 561 1518 in
581 1470 765 1521 Tricastinos
783 1466 856 1519 veuit·
883 1485 887 1494 ·

59 1538 142 1603 Alpes
153 1535 376 1602 iude-oppositae
387 1544 480 1589 erant:
498 1552 565 1604 quas
576 1536 816 1606 inexsuperabiles
823 1534 856 1585 vi·
882 1498 888 1590 l

59 1623 104 1657 sas
117 1605 189 1655 baud
200 1606 329 1672 equidem
341 1607 435 1670 miror,
446 1606 590 1658 nulladum
601 1609 648 1658 ria
659 1610 749 1677 (quenl
760 1606 855 1676 quidem

60 1677 204 1727 euritineus
216 1677 353 1728 memoria
368 1678 418 1740 sit,
439 1677 493 1727 nisi
509 1677 543 1728 ‹le
553 1676 680 1731 Hercule
697 1678 801 1730 fabulis
812 1689 856 1726 ere·

61 1747 219 1808 quelibet)
235 1755 391 1813 superatas.
427 1747 471 1797 lbi
483 1762 564 1813 quum
576 1748 655 1799 relut
671 1756 788 1817 saeptus
797 1758 856 1798 mun·

61 1820 131 1868 tium
149 1816 270 1868 altitudo
287 1823 394 1869 teneret
405 1816 517 1877 Gallos,
539 1818 856 1885 circumspectarentque,

62 1904 181 1956 quanam
192 1904 241 1954 per
254 1888 349 1938 iuncta
360 1887 437 1937 coelo
450 1886 515 1953 iuga
530 1888 560 1937 in
571 1887 659 1938 alium
677 1891 775 1945 urbem
786 1896 857 1938 terra·

61 1975 122 2009 rum
132 1960 299 2020 transirent,
322 1957 422 2024 religio
440 1957 526 2008 etiam
537 1957 642 2019 tenuit,
666 1960 743 2025 quod
756 1959 856 2009 allatum

61 2035 112 2088 est,
135 2028 255 2080 advenas
268 2033 430 2094 quaerentes
443 2042 539 2093 agrum
552 2026 586 2076 ab
598 2026 719 2093 Salyum
731 2036 812 2097 gente
821 2036 856 2088 op

60 2098 187 2162 pugnari.
224 2097 416 2148 Massilienses
428 2102 506 2148 erant
516 2096 544 2146 bi
551 2133 558 2157 ,
581 2097 701 2149 naribus
715 2116 734 2150 a
744 2098 856 2149 Phocaea

60 2164 189 2231 profecti.
217 2167 247 2215 ld
261 2166 336 2216 Galli
349 2165 480 2218 fortunae
492 2182 558 2217 suae
570 2182 653 2217 umen
659 2168 721 2218 rati
733 2167 856 2219 adiuvere

61 2240 100 2295 ut,
112 2248 192 2300 quem
203 2236 320 2299 primurn
333 2237 360 2286 in
373 2243 475 2288 terram
488 2237 594 2302 egressi
606 2232 857 2309 occupaverantltj
884 2248 887 2294 ι

61 2319 123 2356 eum
135 2305 293 2370 patentibus
304 2306 383 2355 silvis
395 2307 604 2358 communirent.
641 2305 701 2373 Ipsi
711 2308 857 2375 per'Taurl·

60 2390 111 2425 nos
123 2375 264 2439 saltusque
281 2376 369 2424 iurios
380 2376 462 2440 Alpes
478 2376 727 2429 transcenderunt:
749 2376 857 2437 fusisque

62 2445 226 2495 ueie'l‘useis
239 2443 311 2494 barul
321 2445 526 2509 proeul'l'ieino
540 2445 665 2509 flumine,
678 2464 773 2515 quum,
783 2446 857 2506 iuq¹¹⁰

62 2514 256 2573 consederant,
277 2528 373 2578 ugrum
388 2514 545 2566 Insubrium
564 2517 704 2583 appellari
720 2510 857 2569 aridissenb

63 2584 226 2646 eoffliomine
235 2583 393 2634 insubribus
406 2598 478 2651 pago
488 2586 662 2639 Aeduorum:
679 2588 730 2650 ibi,
743 2589 858 2639 umuutl'
