1860 2978
67 28 91 80 1.
100 45 141 82 113.
152 28 188 81 V.
208 32 280 83 Cle.
291 30 334 83 lo.
345 30 388 85 41.
407 32 451 99 [U.
464 32 493 85 C.
505 31 563 87 365.
572 33 605 84 Α.
615 34 644 99 C,
655 34 724 101 387]
766 32 816 88 ³45

22 135 140 197 recesset
150 129 240 190 malis,
255 128 456 195 relinquebant.
483 132 588 200 Magna
597 148 660 199 pars
671 140 763 185 tamen
775 151 818 185 ea·

22 215 76 250 'um
95 199 124 249 in
135 213 227 249 arcem
238 213 304 248 suos
318 206 483 264 prosecutae
494 208 572 263 sunt,
594 220 644 255 nec
655 201 818 268 prohibente

22 270 90 331 1110,
109 284 160 320 nec
171 274 300 318 vocante:
324 269 399 332 quia,
422 270 495 334 quod
514 272 581 322 utile
593 273 713 323 obsessis
725 272 759 321 ad
771 273 819 320 mi-

22 338 155 389 nuendam
165 337 306 388 imbellem
317 338 562 400 multitudinem,id
569 356 666 405 parum
673 340 819 391 humanum

22 413 86 461 erat.
122 407 187 459 Alis
202 406 319 457 maxime
334 407 422 472 plebis
439 410 533 469 turba,
555 425 636 476 quam
652 427 702 461 nec
721 425 820 476 capere

22 484 76 531 tam
88 477 204 545 exiguus
214 475 303 538 collis,
309 492 360 528 nec
370 476 445 528 alere
456 477 485 527 in
496 484 575 529 tanta
586 480 679 546 inopia
689 478 819 530 frumenti

35 551 140 608 oterat,
160 559 196 599 ex
210 544 278 596 urbe
294 544 382 596 eff-asa
396 546 473 597 velut
489 548 597 615 agmine
607 548 664 601 iarn
673 564 728 600 uno
740 549 821 615 petiit

29 616 178 668 aniculam.
214 614 282 666 lnde
291 630 356 683 pars
368 630 418 681 per
427 631 510 684 agros
525 617 640 684 dilapsi,
662 634 727 685 pars
738 621 820 671 urbes

22 691 116 755 petunt
126 682 273 745 finitimas,
294 684 354 735 sine
364 685 423 735 ullo
436 686 505 738 duce
516 692 564 737 aut
575 703 723 750 consensu,
744 704 821 739 suam

22 756 135 824 {uisque
145 768 230 820 spem,
251 768 303 805 sua
313 755 443 817 consilia,
458 757 648 808 communibus
660 757 821 825 deploratis,

22 829 209 892 exsequentes.
230 822 347 876 Flamen
356 825 468 876 interim
479 824 630 886 Quirinalis
644 827 821 895 virginesque

22 893 155 955 Vestales,
174 893 277 945 omissa
287 907 380 945 rerum
391 909 502 944 suarum
514 911 588 957 cura,
600 910 669 962 qnae
679 911 821 949 sacrorum

22 980 109 1017 recum
129 961 257 1025 ferenda,
279 978 362 1029 quac,
380 964 444 1030 quia
461 963 533 1015 vires
551 965 586 1016 ad
602 966 695 1017 omnia
706 965 821 1017 ferenda

22 1035 148 1099 leeraut,
161 1033 343 1100 relinquenda
353 1039 455 1095 essent,
466 1034 663 1097 consultantes,
680 1033 777 1101 quisve
788 1049 822 1084 ea

22 1118 95 1157 ,ocus
113 1101 191 1154 fldeli
211 1109 404 1154 asservaturus
426 1103 554 1155 custodia
570 1108 657 1166 essct;
686 1103 821 1169 optimum

22 1174 134 1235 ducunt,
155 1172 268 1224 condita
281 1173 309 1223 in
326 1172 439 1223 doliolis
451 1172 554 1225 sacello
566 1172 693 1239 proximo
705 1172 821 1224 aedibus

22 1240 137 1297 laminis
147 1242 312 1306 Quirinalis,
333 1242 382 1292 ubi
392 1257 464 1293 nunc
479 1241 576 1309 despui
585 1242 685 1310 religio
697 1247 754 1305 est,
775 1241 821 1293 de-

22 1310 129 1365 fodere:
161 1318 255 1364 cetera
272 1313 346 1364 inter
365 1327 396 1365 se
418 1326 502 1365 onere
521 1314 626 1379 partito
653 1311 746 1364 ierunt
766 1310 822 1373 ria,

22 1398 89 1453 puae
100 1382 219 1434 sublicio
234 1388 318 1448 ponte
329 1382 407 1435 ducit
417 1382 453 1434 ad
462 1382 623 1434 Ianiculum.
659 1382 690 1433 ln
701 1397 734 1434 eo
747 1380 821 1432 cliro

22 1468 67 1507 eus
78 1466 161 1519 quum
172 1451 205 1504 1..
215 1452 349 1519 Albinius,
369 1453 403 1505 de
414 1453 496 1519 plebe
506 1453 632 1504 Romana
641 1449 738 1515 homo,
758 1465 821 1502 con·

22 1522 164 1591 spexisset,
183 1521 310 1589 plaustro
322 1523 466 1590 coniugem
478 1537 510 1573 ac
521 1523 625 1574 liberos
637 1521 738 1573 vehens
749 1521 831 1589 inter,

22 1597 139 1645 ceremur
147 1592 270 1654 turbam,
289 1607 361 1658 quae
370 1592 477 1642 inutilis
487 1592 562 1643 bello
575 1591 643 1641 urbe
655 1590 820 1643 excedebat:

22 1660 97 1715 salvo
112 1660 197 1720 etiam
211 1666 269 1711 tum
281 1660 438 1712 discrimine
456 1660 613 1711 divinarum
628 1657 821 1711 humanarum-

22 1746 71 1799 que
81 1745 187 1793 rerum,
207 1730 395 1796 irreligiosum
409 1733 499 1787 ratus,
519 1727 679 1778 sacerdotes
693 1728 822 1792 publicos

22 1813 152 1868 sacroque
163 1798 258 1866 populi
268 1798 387 1849 Romani
397 1797 511 1863 pedibus
522 1795 577 1856 ire,
593 1793 729 1862 ferrique3
749 1810 779 1845 se
789 1809 822 1847 ac

22 1885 81 1921 suos
101 1870 132 1920 ln
153 1867 281 1920 vehiculo
302 1865 439 1932 conspici:
468 1863 633 1915 descendere
652 1878 768 1915 uxorem
789 1878 822 1913 ac

22 1954 117 2008 pucros
127 1939 224 1998 iussit,
242 1937 364 2005 virgines
380 1948 513 1999 sacraque
530 1934 558 1983 in
571 1933 724 2000 plaustrum
735 1933 822 2000 impo-

22 2009 79 2071 suit,
93 2015 121 2061 et
132 2009 227 2065 Caere,
239 2021 293 2073 quo
304 2006 359 2057 iter
368 2003 559 2056 sacerdotibus
570 2009 638 2065 erat,
650 2003 785 2071 pervexit.

70 2077 144 2129 XLI.
157 2077 271 2127 'Rornae
286 2076 411 2136 interim,
430 2074 497 2126 satis
516 2073 572 2125 iam
589 2073 728 2136 omnibus,
747 2079 777 2125 ut
791 2071 821 2124 in

22 2147 125 2209 talire,
143 2146 180 2197 ad
193 2144 326 2197 tuendam
338 2160 429 2196 arcem
446 2143 621 2210 compositis,
641 2145 724 2195 turba
732 2142 822 2196 senio·

22 2231 94 2278 rum,
115 2213 213 2267 domos
223 2230 364 2282 regressa,
383 2214 533 2265 adrentum
549 2213 670 2265 hostium
681 2213 821 2265 obstinato

22 2284 54 2337 ad
69 2288 188 2335 mortem
202 2286 294 2337 animo
310 2284 497 2350 exspectabat.
534 2284 587 2347 Qui
603 2298 697 2336 eorum
712 2280 821 2332 curules

22 2357 164 2424 gesserant
178 2355 372 2422 magistratus,
392 2354 466 2403 utin
481 2352 609 2406 fortunae
626 2352 760 2419 pristinae
775 2348 823 2399 lio-

22 2437 170 2489 ·iorumque
187 2430 235 2474 aut
248 2424 361 2474 uirtutis
373 2424 529 2490 insignibus
546 2427 731 2483 morerentur,
754 2432 824 2485 quae

22 2492 221 2562 augustissima
230 2495 317 2545 vestis
328 2499 371 2547 est
380 2500 473 2545 tensas
485 2487 824 2554 ducentibustriumphan-

22 2566 127 2619 ·ibusre
135 2600 143 2629 ‚
162 2579 197 2618 ea
209 2563 307 2618 restiti
322 2564 415 2660 medlo
430 2563 539 2617 aedium
551 2560 680 2614 eburneis
695 2558 776 2612 sellis
783 2571 829 2605 se-
