1860 2978
99 109 174 163 Lro.
184 110 238 163 111.
256 112 330 164 Cur.
341 111 385 168 46.
396 111 440 166 47.
459 113 502 181 [U.
516 115 545 165 C.
558 109 616 165 305.
628 113 697 166 A.C.
706 113 776 182 447]
813 114 864 170 tot

64 213 159 281 otique
175 216 339 283 collegarum
354 218 460 270 lictores
475 226 684 270 convocaturum
700 219 736 268 ud
745 235 864 272 coercen-

49 283 111 334 dos
125 282 264 336 seditionis
281 295 420 339 auctores:
442 296 594 339 contentum
614 303 640 338 se
655 286 710 337 suis
725 287 865 340 lictoribus

57 352 134 424 fore.
165 353 255 414 Quum
267 355 384 408 dilatum
395 362 504 423 tempus
515 357 633 408 iniuriae
644 362 725 418 essct,
742 357 869 408 secessis-

64 428 181 489 sentque
198 423 327 476 advocati
341 427 465 492 puellae,
485 427 591 491 placuit
606 427 726 477 omnium
743 426 870 491 primum,

64 489 183 544 fratrem
193 492 266 543 Icilii
276 496 419 562 filiumque
429 496 591 556 Numitorii‚
604 496 737 562 impigros
748 496 870 555 iuvenes,

64 576 182 629 pergere
192 562 256 615 inde
266 572 344 616 recta
355 565 391 617 ad
401 571 519 633 portam,
532 571 568 626 ct,
576 570 707 631 quantum
719 565 872 615 accelerari

64 637 169 697 posset,
188 630 347 699 virginium
358 636 444 686 acciri
454 651 469 686 e
481 635 590 686 castris.
626 634 657 684 In
668 648 700 684 eo
711 635 784 685 verti
794 633 871 700 puel-

64 699 112 751 lae
121 700 250 764 salutem,
261 705 287 753 si
295 710 408 770 postero
420 704 464 756 die
476 703 576 756 vindex
586 703 707 755 iniuriae
719 703 754 754 od
762 709 870 769 tempus

65 774 180 837 praesto
198 777 280 823 esset.
316 773 387 823 lussi
401 780 533 840 pergunt,
555 772 700 839 citatisque
717 773 794 839 equis
805 788 872 823 nuu-

64 839 137 890 tium
152 838 188 890 ad
198 845 306 906 patrem
317 841 470 908 perferunt.
508 841 599 902 Quum
614 843 734 894 instaret
749 847 873 893 assertor

63 907 191 976 puellae,
206 915 237 960 ut
246 910 410 974 vindicaret,
424 925 626 979 sponsoresque
638 911 730 975 daret3
753 917 836 979 atque
842 910 874 962 id

64 979 159 1045 ipsum
169 978 216 1044 agi
226 978 332 1031 diceret
341 980 446 1041 Icilius,
457 980 554 1031 sedulo
565 987 674 1047 tempus
685 986 788 1044 tercns,
807 978 874 1031 dum

64 1048 259 1115 praeciperent
273 1049 329 1099 iter
343 1048 433 1098 nuntii
448 1049 525 1099 missi
538 1049 567 1099 in
586 1055 691 1111 castra,
711 1064 809 1100 uranus
819 1048 874 1101 tol·

64 1119 127 1170 lere
147 1116 269 1184 undique
287 1117 451 1178 multitudo,
474 1122 547 1168 etse
563 1119 678 1183 quisque
693 1123 822 1182 puratum
837 1116 875 1170 ad

65 1186 260 1254 spondendum
270 1186 349 1238 icilio
363 1186 518 1238 ostendere.
534 1187 624 1253 Atque
635 1187 683 1237 ille
692 1186 875 1238 lacrimabun-

66 1256 133 1320 dus,
157 1256 275 1309 Gratum
290 1265 345 1320 ert,
366 1257 469 1323 inquit;
489 1256 610 1309 crastino
629 1256 671 1307 die
686 1265 777 1308 cestro
794 1272 874 1324 opera

66 1334 149 1379 utar:
165 1342 323 1395 sponsorum
338 1342 408 1379 nunc
422 1325 490 1377 satir
507 1335 555 1378 ert.
591 1326 635 1378 Ita
645 1325 801 1377 vindicatur
812 1325 874 1377 Vir·

65 1394 155 1465 ginis,
176 1396 375 1462 spondentibus
386 1396 557 1463 propinquis.
594 1397 705 1463 Appius,
720 1395 874 1463 paullisper

65 1470 206 1528 moratus,
227 1481 262 1518 ne
278 1467 337 1518 eius
352 1467 397 1523 rei,
409 1481 491 1517 causa
506 1466 611 1518 sedisse
622 1466 778 1528 videretur,
799 1470 876 1531 post·

68 1549 160 1602 quam,
172 1535 282 1587 omissis
293 1537 375 1588 rebus
387 1535 451 1588 aliis
463 1551 531 1602 prae
542 1551 610 1587 cura
620 1536 709 1597 unius,
725 1549 805 1587 nemo
819 1534 876 1586 adi-

66 1604 127 1667 bat,
139 1602 252 1656 donnum
262 1621 292 1657 se
302 1605 421 1673 recepit;
444 1605 615 1674 collegisque
626 1607 655 1656 in
666 1610 758 1655 castra
768 1604 876 1664 scribit,

66 1691 100 1728 rso
116 1671 243 1743 Virginio
253 1685 428 1728 commeatum
439 1676 510 1736 dent,
531 1684 612 1742 atque
624 1675 705 1728 enom
716 1673 744 1727 in
754 1672 876 1725 custodia

65 1742 195 1796 labeant.
232 1744 390 1811 Improbum
412 1745 557 1796 consilium
577 1760 684 1807 serum,
715 1748 747 1794 ut
768 1741 875 1802 debuit,

66 1811 137 1877 fuit3
157 1819 186 1865 et
199 1814 257 1866 iam
273 1819 430 1866 commeatu
447 1820 557 1880 sumpto
573 1814 715 1880 profectus
729 1810 874 1878 Virginius

67 1882 159 1949 prima
171 1882 269 1949 vigilia
284 1890 358 1945 crat,
379 1899 462 1950 quum
477 1888 590 1949 postero
608 1883 652 1932 die
669 1895 749 1931 mane
765 1879 798 1930 de
809 1879 874 1932 reti·

67 1950 158 2003 nendo
171 1967 205 2004 eo
216 1953 397 2020 nequicquam
409 1952 507 2002 literae
517 1950 679 2001 redduntur.

121 2019 233 2073 XLVII.
251 2023 287 2072 At
301 2023 329 2072 in
344 2021 411 2072 urbe
427 2021 518 2087 prima
531 2019 609 2081 luce,
630 2032 713 2084 quum
729 2015 829 2067 civitas
844 2017 874 2067 in

65 2090 131 2141 foro
148 2092 358 2157 exspectatione
374 2096 469 2143 erecta
479 2095 581 2152 staret,
595 2086 739 2155 Virginius
749 2085 874 2137 sordida·

66 2166 114 2211 tus
124 2158 211 2210 filiam
222 2176 300 2212 suam
312 2160 441 2212 obsoleta
450 2164 536 2220 reste,
559 2157 754 2209 comitantibus
766 2155 875 2222 aliquot

66 2230 213 2291 matronis,
225 2245 287 2280 cum
298 2230 406 2298 ingenti
417 2228 601 2281 advocatione
611 2227 640 2278 in
650 2224 741 2278 lorum
751 2225 872 2277 deducit.

67 2297 222 2350 Circumire
242 2298 282 2350 ibi
301 2303 330 2350 et
349 2314 481 2364 prensare
500 2296 625 2348 homines
646 2294 752 2362 co‘epit3
774 2299 803 2346 et
818 2308 874 2344 non

69 2380 152 2418 orare
162 2368 253 2419 solum
264 2367 419 2434 precariam
430 2380 519 2433 opem,
540 2366 589 2420 sed
600 2381 650 2433 pro
662 2366 758 2417 debita
768 2370 873 2429 petere,
899 2410 900 2417 ,

69 2434 105 2488 Se
119 2451 172 2503 pro
193 2437 285 2490 liberis
306 2452 395 2489 eorum
416 2453 448 2488 oc
463 2435 621 2506 coniugibus
637 2435 755 2502 qnotidie
770 2432 799 2484 in
815 2430 875 2511 acic

67 2514 158 2558 sture:
176 2506 418 2560 necoliumoirum
429 2522 496 2570 erte,
517 2506 593 2559 cuius
607 2513 759 2558 strenueoc
770 2501 874 2573 feroci-

68 2584 113 2627 ter
121 2574 207 2647 focto
218 2576 248 2628 in
259 2576 323 2629 bello
332 2582 414 2645 plura
424 2575 569 2628 memorari
576 2581 694 2642 possent.
731 2570 804 2635 Quid
812 2584 873 2636 pro-

68 2644 151 2708 desse,
172 2644 205 2709 si,
223 2643 436 2710 incolumium,
452 2660 531 2715 quoe,
547 2652 641 2712 copto,
652 2639 749 2693 ultimo
761 2641 879 2691 nunccu-
