1860 2978
101 200 174 254 ιη.
184 197 236 252 rv.
255 200 331 252 cn.
343 196 382 251 13.
394 196 435 250 14.
459 199 614 266 [uana
624 200 657 252 A.
667 199 696 251 e.
706 199 776 269 aaa]
811 245 814 252 Α

57 304 184 358 maculis.
219 304 315 371 ltaque
335 319 362 353 re
382 303 540 355 dictatorem
556 305 589 355 L.
603 304 758 368 Quinotium
778 305 820 356 dio

59 391 137 426 ram:
151 373 190 424 ibi
198 373 316 425 animum
323 388 419 438 parem
430 382 523 424 tantae
532 373 662 439 potestati
671 390 732 426 erse.
759 376 828 442 Appi

59 443 192 494 bantibus
204 444 315 503 eunctis,
337 442 425 507 primo
437 442 580 503 Quinctius
592 444 723 495 abnuere:
746 449 781 506 et,
800 460 833 510 aa

61 512 115 565 aidi
125 515 230 575 vellent,
249 513 389 578 rogitare,
408 510 456 579 pisi
470 528 497 564 re
511 520 601 565 aetate
613 520 710 565 exacta
721 521 839 565 tantari

61 581 206 634 micationi
217 581 371 634 obiicerem.
389 579 471 645 Dein,
482 596 566 649 quam
575 581 693 649 undique
703 581 766 648 plus
776 581 804 632 in
813 581 845 632 ill

62 651 145 703 senili
155 650 247 701 animo
257 665 313 701 non
324 650 435 701 consilii
444 651 537 715 modo,
547 650 597 703 sed
609 652 695 703 etiam
703 651 813 702 virtutis
824 666 851 702 es

61 735 102 782 se,
112 734 194 787 quam
204 721 234 771 in
246 719 374 770 omnibus
384 719 448 771 aliis
459 721 591 782 dicerent,
602 720 785 787 laudibusque
791 718 856 770 hau<

60 788 209 840 immeritis
221 795 377 851 onerarent,
393 795 422 840 et
433 790 528 841 consul
538 790 608 840 nihil
617 790 786 854 remitteret;
805 802 861 856 pre·

64 863 144 909 catus
159 856 272 908 tandem
285 857 353 909 deos
361 858 533 911 immortales
544 859 730 921 Cincinnatus,
744 875 779 911 ne
789 874 866 911 sene·

63 932 126 979 otus
137 940 188 978 sua
198 927 228 976 in
239 931 296 977 tam
307 926 426 992 trepidis
436 929 518 979 rebus
529 928 628 979 damno
640 927 803 980 dedecorive
813 927 866 979 rei-

62 995 192 1063 publicae
198 999 280 1057 esset,
291 995 415 1045 dictator
424 1009 441 1045 a
451 997 563 1049 consule
573 997 685 1048 dicitur:
696 998 756 1063 ipse
766 996 866 1051 deinde

64 1065 95 1118 c.
106 1063 256 1116 Servilium
266 1061 382 1114 Ahalam
393 1063 556 1131 magistrum
567 1066 689 1132 equitum
701 1066 778 1118 dicit.

117 1130 192 1185 XIV.
211 1132 327 1184 Postero
340 1133 394 1195 die,
410 1132 554 1198 dispositis
564 1134 721 1199 praesidiis,
742 1149 826 1200 quum
836 1134 867 1185 in

64 1201 159 1256 forum
170 1201 370 1264 descendisset,
389 1216 576 1268 conversaque
591 1203 691 1254 ineam
702 1202 780 1268 plebs
791 1203 867 1254 nori·

64 1279 127 1325 tate
137 1272 180 1323 rei
190 1287 224 1323 ac
232 1270 367 1322 miraculo
374 1276 457 1332 esset,
470 1275 498 1321 et
503 1270 637 1322 Maeliani
647 1276 730 1338 atque
741 1272 800 1338 ipse
811 1270 868 1322 dux

65 1356 164 1396 eorum
178 1341 208 1391 in
226 1356 256 1392 se
270 1342 403 1392 intentam
417 1340 474 1391 vim
489 1339 562 1392 tanti
581 1340 693 1408 imperii
711 1347 868 1404 cernerent;

64 1416 195 1478 expertes
205 1410 381 1461 consiliorum
391 1409 479 1478 regni,
489 1410 536 1479 qui
546 1413 684 1476 tumultur,
693 1411 764 1481 quod
772 1409 869 1463 bellum

63 1496 174 1549 repeat,
195 1488 246 1531 aut
259 1479 434 1533 dictatoriam
446 1481 627 1546 maiestatem,
650 1491 699 1534 aut
711 1478 869 1545 Quinctium

62 1559 128 1621 post
143 1549 332 1618 octogesimum
346 1565 446 1603 annam
460 1560 591 1603 rectorem
612 1550 774 1619 reipublicae
789 1565 868 1619 quoe·

65 1619 158 1683 rissat,
174 1619 341 1686 rogitarent3
361 1620 461 1672 missus
471 1623 505 1673 ab
517 1620 655 1674 dictatore
666 1620 801 1673 Seruilius
812 1634 870 1671 ma·

85 1689 92 1701 '
109 1693 154 1740 ter
163 1688 284 1755 equitum
294 1688 330 1739 ad
337 1688 480 1753 Maelium,
495 1688 582 1743 Vocat
589 1699 625 1754 te,
634 1690 733 1757 inquit,
743 1689 868 1742 dictator.

64 1704 157 1822 {pum
167 1757 283 1824 pavidus
292 1758 349 1820 ille,
369 1759 435 1827 quid
445 1761 533 1821 vellet,
545 1765 704 1824 quaererem
724 1757 869 1811 seminus·

65 1841 239 1894 queoocram
249 1827 388 1879 dicendam
403 1842 457 1879 em
475 1834 654 1895 proponeret,
673 1827 839 1895 crimenque,
851 1844 869 1878 a

68 1895 190 1949 Minucio
200 1895 318 1947 delatam
330 1897 367 1947 ad
376 1903 508 1960 renatam,
524 1896 678 1949 diluendam
684 1913 696 1957 ,·
716 1901 783 1946 tunc
791 1895 869 1946 Mae·

77 1966 120 2017 ius
130 1965 255 2031 racipere
265 1979 294 2016 se
304 1965 334 2015 in
346 1970 486 2016 catervam
497 1977 625 2025 auorum,
645 1970 674 2014 et
688 1963 808 2029 primum
818 1962 869 2013 cir·

82 2039 258 2101 umapectans
268 2032 456 2100 tergiversari:
473 2037 622 2097 postremo,
633 2046 716 2098 quum
726 2030 871 2099 apparitor

86 2118 144 2154 issu
163 2103 291 2170 magistri
311 2101 433 2168 equitum
452 2100 579 2162 duceret,
598 2104 708 2167 ereptus
723 2115 742 2153 a
757 2101 870 2153 circum·

92 2171 213 2235 ‘andbua
234 2169 406 2237 fugiensque,
427 2169 509 2222 tidem
519 2168 608 2237 plebis
619 2170 761 2225 Romanae
770 2170 870 2239 implo-

98 2256 138 2304 re,
158 2247 187 2294 et
202 2240 320 2308 opprimi
340 2256 370 2292 se
389 2255 524 2292 consensu
538 2239 651 2291 Patruus
671 2239 775 2305 dicere,
795 2239 870 2309 quod

103 2307 408 2379 ebibenignelecissetr
431 2324 519 2373 orare,
533 2314 566 2361 ut
576 2324 657 2376 opem
666 2311 720 2362 sibi
729 2311 830 2362 ultimo
840 2311 870 2360 in

112 2380 226 2432 crimine
241 2379 360 2442 ferrent,
381 2395 450 2432 nove
465 2386 529 2432 ante
544 2379 640 2431 oculos
656 2396 721 2433 suos
732 2377 870 2432 trucidari

115 2453 198 2500 erent.
232 2449 311 2500 Haec
330 2465 392 2502 eum
408 2448 608 2502 vociferantem
624 2455 767 2502 maecutus
781 2445 872 2498 Ahala

121 2517 202 2568 vilius
213 2518 372 2570 obtruncat:
391 2534 587 2587 respersusque
598 2532 695 2570 cruore
705 2513 872 2578 obtruncati,

126 2592 188 2638 atus
204 2590 316 2640 caterva
326 2589 506 2656 patriciorum
520 2588 664 2649 iuvenum,
685 2583 818 2637 dictatori
827 2598 871 2635 re·

134 2656 185 2718 iat,
197 2660 324 2707 vocatum
335 2659 370 2710 ad
381 2674 443 2710 eum
452 2658 597 2719 Maelium,
608 2655 720 2721 repulso
731 2654 870 2722 apparito-

138 2724 294 2780 uoitantem
310 2727 529 2792 multitudinem,
550 2739 672 2797 poenam
680 2720 883 2779 ueniamus·
