1860 2978
28 60 64 112 iio
76 60 203 125 Lanato,
224 68 254 114 et
268 61 302 115 1..
313 62 431 116 Servilio
446 64 573 126 Structo,
594 72 623 115 et
639 64 670 115 P.
685 63 818 115 Lucretio

28 130 192 197 tricipitino,
202 132 306 184 iterum
316 134 442 185 omnibus
455 132 506 196 bis,
528 141 555 186 et
567 133 613 200 Sp.
623 134 731 184 Rutilio
742 135 819 184 Cras·

30 216 60 262 o,
82 208 111 253 et
125 201 287 268 insequente
304 218 375 253 anno
392 205 423 254 Α.
442 202 605 270 Sempronio
622 205 749 255 Atratino
767 209 819 254 ter·

28 271 99 332 ium,
121 277 149 322 et
171 271 277 322 duobus
298 273 400 323 iterum
415 273 454 323 M.
469 274 581 340 Papirio
601 272 771 339 Mugillano,
791 280 819 324 ct

28 339 61 405 lp.
82 340 186 392 Nautio
203 341 314 403 Rutilo,
335 343 477 394 biennium
497 344 665 409 tranquillae
687 349 819 395 externae

30 426 67 473 es,
80 410 220 461 discordia
231 411 308 460 donni
319 429 353 463 ex
366 414 484 480 agrariis
494 415 603 480 legibus
615 412 679 464 fuit.

65 479 190 530 XLVIII.
211 483 380 533 Turbatores
391 483 468 548 rulgi
479 492 557 535 erent
568 483 662 549 Spurii
672 483 819 534 Maecilius

28 555 144 617 ‘’uertum
155 549 315 602 ctMetilius
327 553 442 604 tertium
454 554 561 605 tribuni
571 553 671 619 plebis,
681 555 762 605 ambo
774 553 819 602 ab·

29 624 108 672 entes
120 621 218 672 mesti.
253 621 291 671 Et
307 636 392 687 quum
400 623 576 689 rogationem
588 624 818 690 promulgassent,

28 695 46 742 rt
56 704 125 756 eger
136 705 172 742 ex
181 688 309 741 hostibus
324 697 422 758 eaptus
436 693 542 743 viritim
557 693 740 755 divideretur,
762 708 819 743 rna·

28 775 140 827 ‚araeque
155 760 244 826 partis
256 760 390 812 nobilium
406 776 438 812 eo
454 762 602 828 plebiscito
613 763 820 829 publicarentur

28 835 158 893 ortunae3
168 834 237 894 (nee
247 830 320 882 enim
331 831 418 883 ferme
429 832 577 899 quiequam
588 833 660 899 agri,
670 839 701 883 ut
710 832 741 882 in
750 832 820 882 urbe

28 900 106 952 lieno
118 901 180 953 solo
191 901 292 967 posita,
302 917 359 952 non
369 901 454 952 armis
466 908 577 967 partum
587 909 663 965 erst3
673 917 732 963 nee,
745 899 819 967 quod

30 971 135 1027 euisset
156 971 360 1038 assignatumre
380 971 491 1038 publice
514 977 600 1034 esset,
624 976 819 1037 praeterquam

30 1039 92 1091 lobs
103 1038 240 1101 habebat)
261 1047 344 1095 atrox
357 1041 433 1105 plebi
443 1041 628 1106 Patribusque
643 1040 819 1107 propositum

28 1109 161 1161 idobstur
184 1114 338 1161 certamem
358 1123 410 1160 nee
425 1109 531 1160 tribuni
545 1110 681 1173 militum,
702 1124 774 1161 nune
789 1110 821 1161 in

28 1182 127 1242 erratu,
145 1194 219 1230 nunc
233 1179 263 1231 in
279 1179 404 1231 conciliis
419 1179 538 1245 privatis
552 1181 709 1247 principum
721 1194 821 1247 cogen-

28 1250 71 1313 is,
90 1248 164 1301 mem
183 1248 295 1302 consilii
307 1249 498 1315 inveniebant3
520 1267 602 1318 quum
611 1253 663 1317 Ap.
676 1249 818 1313 Claudius,

31 1333 99 1386 epos
115 1319 175 1370 eius
190 1320 238 1387 qui
259 1319 403 1373 decemvir.
417 1322 527 1388 legibus
545 1321 699 1373 scribendis
718 1319 820 1384 fuerat,

28 1389 143 1441 sissimus
152 1395 222 1442 natu
233 1389 385 1443 exPatrum
395 1391 523 1455 concilio,
531 1392 634 1444 dieitur
644 1391 757 1455 dixisse,
770 1389 820 1444 νε-

28 1476 57 1513 as
68 1475 97 1511 se
108 1476 141 1512 ae
153 1460 300 1532 familiare
313 1462 453 1515 condliam
468 1464 542 1515 donro
553 1461 672 1532 afferres
686 1478 819 1530 proavum

28 1528 84 1584 nim
104 1546 183 1583 suam
202 1530 254 1600 Ap.
276 1530 418 1584 Claudiam
435 1533 578 1585 ostendisse
592 1532 725 1585 Patribus
746 1532 820 1584 siam

28 1616 94 1655 nam
108 1600 288 1655 dissolvendae
304 1601 468 1654 tribuniciae
482 1601 628 1669 potestatis
640 1619 691 1671 per
705 1606 820 1671 collega·

28 1687 74 1723 aas
82 1669 308 1725 intercessionem.
326 1671 421 1724 Facite
432 1670 549 1723 domines
560 1688 639 1724 novos
650 1672 816 1723 anctoritate

28 1738 165 1809 rinciparn
176 1743 207 1795 de
217 1741 353 1795 sententia
364 1740 473 1802 deduci,
489 1739 512 1789 si
523 1751 670 1806 temporam
682 1740 819 1793 interdura

28 1810 117 1874 otius,
136 1828 217 1880 qaam
236 1810 405 1872 maiestatis,
425 1825 524 1861 nrernor
542 1809 704 1862 adhibeatur
719 1807 818 1861 oratio.

28 1882 70 1935 ’ro
83 1881 204 1952 sortitae
219 1882 275 1934 illis
290 1881 394 1935 animos
405 1896 476 1932 esse.-
494 1880 541 1932 abi
557 1878 680 1942 sideest,
701 1882 818 1948 collegas

28 1951 146 2020 rineipes
155 1952 279 2023 agendae
288 1954 330 2005 res'
337 1951 464 2023 gratiam
475 1966 576 2004 omnem
586 1951 624 2003 ad
630 1949 732 2019 plebem
739 1965 819 2018 prae·

28 2038 167 2091 seapasse,
185 2040 235 2076 nee
248 2026 335 2076 laeum
347 2023 378 2075 ia
393 2039 426 2075 sa
440 2022 565 2075 relictam
580 2020 650 2084 sidi;
671 2020 818 2089 itandgra-

28 2100 73 2147 ste
81 2093 265 2147 acclinaturos
274 2110 302 2146 se
311 2095 348 2147 ad
357 2110 467 2146 eausam
479 2102 597 2156 senatus,
605 2109 657 2160 per
667 2108 747 2162 qnam
759 2088 818 2142 nni·

28 2178 86 2217 rrso
106 2162 196 2216 ordini
219 2181 279 2217 eaor
296 2163 463 2233 primoribus
483 2180 510 2217 se
526 2165 646 2216 Patrem
666 2162 818 2216 condricus.

30 2230 236 2300 pprobantibus
256 2234 376 2296 eunctis,
397 2240 426 2287 ct
446 2239 512 2287 ante
532 2250 627 2286 omnes
646 2236 679 2297 Q.
696 2228 817 2284 Servilio

29 2302 121 2363 risco,
144 2302 217 2366 quod
236 2319 291 2355 non
313 2304 511 2371 degenerasset
532 2307 566 2358 ab
588 2304 675 2369 stirpe
691 2299 817 2375 Claudia¹

28 2369 190 2424 ollaudsnte
200 2371 335 2436 iuvenem,
350 2376 493 2442 negotium
505 2375 595 2435 datur,
610 2378 650 2433 ut,
667 2387 734 2437 quos
744 2369 817 2437 quis·

27 2457 63 2494 uc
83 2447 179 2509 posset
195 2456 230 2492 ex
249 2443 371 2512 collegio
385 2446 573 2506 tribunorum,
596 2441 817 2495 adintereessio·

28 2511 257 2580 empellieerent.
293 2513 382 2567 Misso
393 2522 501 2579 senatu,
520 2520 696 2582 prensantur
706 2512 835 2575 ubuum·
