1860 2978
29 93 122 141 estate
140 89 258 141 eundem
273 102 418 143 numerum
432 90 467 143 ab
482 91 542 142 auia
555 70 708 147 ementium·

29 162 96 209 'orta
108 158 218 210 Collina
228 161 324 212 urbem
334 161 474 213 intravere
483 160 534 211 sub
545 161 641 230 signis,
650 177 706 213 me·

30 229 78 279 rbe
89 231 199 294 agmine
209 229 238 279 in
247 231 412 281 Aventinum
422 239 547 298 pergunt.
584 231 634 294 lbi,
645 246 707 282 con·

29 298 81 349 teri
92 298 234 361 exercitui,
250 300 351 367 viginti
360 300 481 350 tribunis
493 301 612 350 militum
623 316 707 368 nego·

29 367 127 429 lerunt,
148 375 180 418 ut
190 384 224 419 cx
234 384 284 419 suo
297 386 410 420 numero
424 370 495 420 duos
506 378 639 431 crearent,
659 372 706 436 qui

38 452 129 488 rerum
142 445 312 503 praeessent.
348 440 387 489 Μ,
399 440 527 504 Oppium,
545 439 608 491 Sex.
619 440 707 490 lilani·

29 514 85 559 ant.
107 508 215 569 Patres,
226 508 342 559 solliciti
352 509 386 560 de
397 524 504 559 sumnia
513 525 613 571 rerum,
623 525 706 576 quum

29 577 153 643 quotidie
164 584 246 640 esset,
257 579 300 627 iur
320 578 355 629 iis
366 579 477 644 saepius
488 584 582 630 terunt
588 585 707 645 tempus,

30 647 130 699 nciliis.
152 647 235 709 Siccii
246 594 346 698 caeles
358 648 532 710 decemviris,
543 653 573 700 et
582 649 708 717 Appiana

30 715 190 768 tdedecora
199 716 316 767 militiae
328 717 539 771 obiiciebantur.
566 716 708 780 Placebat,

30 800 48 836 n
62 785 269 851 Horatiumque
285 786 327 837 irc
343 787 374 836 in
391 788 566 839 Aventinum.
601 788 648 839 llli
661 801 705 837 ne·

30 871 54 909 ie
70 855 154 908 aliter
171 856 275 917 ituros,
297 870 378 920 quam
392 856 418 906 ai
431 856 581 908 decemviri
591 857 707 923 depone·

30 925 103 994 ignia
118 925 299 992 magistratus
315 925 390 987 eius,
412 939 465 990 quo
481 939 553 975 anno
568 926 624 976 iam
643 930 709 978 aute

30 1034 36 1046 .
71 994 245 1057 Decemviri,
264 1000 449 1060 querentem
460 1000 490 1043 in
501 992 628 1045 ordinem
638 992 710 1060 cogi,

30 1080 129 1132 cquam
140 1065 255 1132 perlatis
267 1064 386 1131 legibue,
399 1078 515 1130 quarum
526 1078 612 1115 cauea
622 1062 711 1114 creati

30 1136 194 1201 leposituros
205 1134 351 1201 imperinm
364 1150 395 1186 se
405 1133 525 1184 aiebant.

33 1203 88 1257 Per
98 1204 138 1256 M.
149 1204 291 1267 Duilium,
312 1205 360 1271 qui
369 1202 497 1254 tribunus
507 1201 597 1269 plebis
608 1200 710 1266 luerat,

30 1275 178 1342 icteplcbs,
184 1274 409 1327 contentionibus
420 1271 539 1325 assiduis
544 1270 709 1325 nihiltrane·

30 1343 138 1396 lacrum
160 1350 282 1395 montem
297 1358 332 1395 ex
344 1343 481 1396 Aventino
499 1342 616 1407 transit3
637 1341 710 1394 affir-

30 1413 113 1475 uilio,
127 1430 180 1468 ece
186 1413 278 1479 priua,
299 1429 379 1481 quam
390 1411 479 1465 deseri
488 1412 581 1464 erlem
590 1412 709 1474 uideant,

30 1483 150 1537 tenimoe
161 1482 281 1535 Petrum
292 1484 487 1536 descensuram.
501 1482 709 1536 Admonitus-um

39 1561 154 1607 olentem
174 1552 342 1605 constantiae
357 1553 458 1619 plebis.-
488 1552 619 1614 meree,
639 1550 711 1618 meod

31 1622 106 1675 itate
117 1628 257 1690 potestate
273 1622 362 1690 redigi
376 1623 407 1674 in
420 1621 591 1674 concordiam
607 1637 650 1673 ree
664 1636 709 1674 ete·

52 1690 109 1745 vta
119 1690 307 1752 Nomentana,
326 1691 371 1741 cui
383 1696 443 1741 tum
454 1690 596 1741 Ficulensi
608 1704 709 1741 nomen

30 1758 106 1824 tecti,
117 1767 210 1813 castra
219 1761 250 1810 in
260 1765 355 1811 monte
365 1758 451 1810 Sacro
461 1758 600 1821 locavere,
615 1756 709 1809 mode·

30 1836 110 1881 htrum
121 1844 236 1882 suorum
246 1826 317 1879 nihil
330 1828 464 1880 violando
474 1827 589 1878 imitati.
608 1826 711 1879 Semta

30 1914 57 1951 m
71 1900 163 1967 plebs,
181 1899 272 1961 nullo,
293 1898 340 1964 qui
354 1912 405 1964 per
417 1902 541 1949 aetatem
557 1897 710 1964 irepoeeet,

30 1974 82 2023 nte.
118 1969 326 2036 Prosequuntur
343 1967 474 2036 coniuges
484 1967 633 2035 liberique,
654 1965 709 2019 cai·

30 2038 243 2107 ·eiinquerente‘n
253 2055 286 2090 ea
296 2039 379 2099 erle,
399 2037 429 2091 in
443 2053 498 2106 qua
508 2035 709 2106 accendimus,

30 2117 83 2163 tae
101 2116 196 2161 cenete
217 2116 297 2170 emet,
328 2108 526 2161 miserabiliter
544 2107 709 2177 rogitantes.

30 2182 88 2231 reta
96 2178 203 2231 Romae
222 2177 315 2230 omnia
328 2178 437 2231 insueta
452 2177 576 2230 solitudo
587 2176 710 2237 lecisset,

30 2254 130 2303 »mter
140 2262 244 2317 paucos
253 2247 394 2301 seniorum
405 2252 486 2302 nemo
498 2252 586 2311 eseet3
602 2244 712 2295 vocetis

31 2326 179 2373 neenatum
184 2318 320 2380 Patribus,
332 2317 472 2371 desertum
481 2315 658 2384 apparuisset
668 2309 711 2391 fo·

30 2390 173 2451 uresiam,
194 2403 276 2456 quein
285 2386 422 2440 Horatius
434 2394 463 2440 et
472 2383 615 2444 Valerius,
636 2394 711 2431 voci·

31 2474 77 2521 nr,
92 2457 166 2521 Quia
173 2457 373 2526 exspectabitis,
384 2458 485 2510 Petree
494 2450 660 2519 conscripti-⁹
679 2448 712 2501 Si

31 2529 141 2601 affinem
148 2527 322 2597 pertinaciae
331 2527 517 2601 consocient,
535 2538 618 2578 tacte
630 2536 664 2574 ac
676 2520 721 2569 te·
