1860 2978
76 124 109 174 τ.
126 122 235 175 mvn
256 120 300 187 [u.
312 121 341 171 e.
353 119 411 187 259.
424 119 455 169 A.
469 120 500 170 e.
517 118 586 191 eqo]

53 244 56 272 ι
70 224 184 272 Romam
196 222 397 271 Ecetranorum
410 217 575 270 Volscorum
591 221 693 288 legati,
711 235 755 272 re-

53 293 76 341 is
97 292 228 342 timentes
249 295 313 354 post
328 289 482 340 Pometiam
498 296 622 355 captam,
642 289 754 341 adeunt.

59 359 300 411 senatusconsulto
312 359 379 410 data
390 374 453 425 pax,
470 375 536 426 ager
547 359 701 425 ademptus.

53 428 105 480 LVl.
125 427 278 481 Confestim
293 434 322 480 et
337 427 434 479 Sabini
448 428 587 479 Romanos
608 429 757 481 territare·

53 498 144 550 nultus
155 500 229 551 enirn
239 496 295 550 fuit
305 499 407 560 verius,
421 514 503 565 quarn
514 498 627 550 bellum.
663 498 756 551 Nocte

53 586 57 619 ι
73 569 230 622 nuntiatum
245 567 475 631 est,·e1ercitum
493 567 625 619 Sabinum
639 567 756 635 praeda·

53 653 72 687 n
84 638 120 690 ad
131 640 264 691 Anienem
280 653 388 690 amnem
406 638 577 704 pervenisse:
597 638 639 689 ibi
648 638 756 705 passim

52 715 132 775 itque
143 708 254 762 incendi
264 706 357 759 villas.
381 707 486 758 Missus
496 707 636 774 extemplo
649 722 682 759 eo
693 721 756 759 cum

52 795 80 829 us
96 779 185 848 copiis
202 779 326 844 equitum
336 778 368 829 A.
380 777 553 841 Postumius,
574 778 622 845 qui
633 776 757 829 dictator

52 849 144 901 'setino
164 848 270 900 fuerat:
291 853 403 900 secutus
420 846 517 899 crrnsul
537 847 673 899 Servilius
694 862 756 899 cum

52 935 62 969 r
84 919 210 986 pediturn
231 933 323 970 manu.
358 916 509 983 Plerosque
528 918 655 986 palantes
671 931 757 985 eques

52 990 146 1042 uenit:
166 1005 217 1041 nec
227 988 387 1041 advenienti
396 988 522 1055 peditum
533 988 640 1056 agmini
649 986 758 1040 restitit

52 1059 152 1127 llegio.
188 1059 281 1122 Fessi,
300 1065 358 1110 tum
369 1058 484 1120 itinere,
504 1064 564 1109 tum
575 1057 758 1125 populatione

54 1145 102 1193 na,
123 1145 226 1198 magna
236 1144 301 1196 pars
311 1128 340 1179 iu
351 1129 428 1180 villis
442 1128 544 1194 repleti
555 1128 618 1180 cibo
628 1128 759 1195 vinoque,

51 1215 101 1267 gae
116 1199 190 1267 quod
210 1200 280 1251 satis
296 1205 370 1251 esset
383 1199 485 1249 virium
500 1196 631 1251 habuere.
667 1197 760 1249 Nocte

51 1271 117 1320 ‚dito
127 1268 308 1336 perfectoque
319 1267 396 1320 bello
406 1267 518 1331 Sabino,
532 1274 646 1334 postero
658 1268 715 1330 die,
728 1266 761 1319 in

51 1362 55 1388 l
66 1339 123 1390 iarn
134 1353 183 1405 spe
192 1339 314 1406 undique
325 1344 423 1404 partae
432 1338 520 1405 pacis,
540 1338 628 1405 legati
637 1335 760 1389 Aurunci

53 1423 80 1457 m
97 1407 209 1469 adeunt,
229 1408 259 1458 ni
275 1407 427 1459 decedatur
435 1407 539 1460 Volsco
554 1422 636 1474 agro,
654 1408 760 1459 bellum

51 1482 116 1528 ntes.
153 1477 221 1527 Cum
243 1476 346 1543 legatis
363 1478 446 1529 simul
463 1478 602 1531 exercitus
618 1479 760 1529 Aurunco·

51 1561 108 1597 omo
119 1544 264 1611 profectus
279 1553 355 1599 erat:
376 1549 455 1599 cuius
465 1548 553 1611 farno,
575 1547 650 1598 haud
661 1547 760 1615 procul

50 1635 55 1663 r
66 1617 161 1667 Aricia
171 1615 233 1678 risi,
253 1622 333 1668 tanto
345 1618 467 1670 tumultu
478 1618 599 1670 concinit
610 1618 759 1680 Romanos,

58 1686 166 1737 consuli
177 1686 276 1739 ordine
282 1687 389 1751 Patres,
400 1704 450 1741 nec
461 1694 760 1755 pacatumresponsum

55 1755 226 1809 inserentibus
242 1773 319 1809 arma
335 1759 391 1825 ipsi
403 1759 546 1824 capientes
558 1758 625 1810 dare
635 1763 759 1824 possent.

50 1843 76 1878 m
88 1826 191 1879 infesto
199 1829 309 1894 agmine
320 1828 389 1880 itur:
401 1844 452 1880 nec
461 1828 559 1894 procul
568 1827 761 1880 indecurnAu·

57 1898 138 1965 signa
150 1898 267 1961 collata,
278 1898 442 1965 proelioque
453 1913 507 1949 uno
526 1897 696 1949 debellatum
708 1902 760 1950 est.

50 1967 121 2021 lVll.
140 1969 220 2020 Fusis
230 1969 379 2029 Auruncis,
400 1969 492 2019 victor
506 1972 550 2019 tot
565 1969 641 2019 intra
656 1981 760 2035 paucos

51 2040 114 2090 ellis
124 2039 264 2090 Romanus
281 2039 418 2105 promissa
437 2038 558 2089 consulis
568 2038 705 2104 fidemque
719 2053 760 2089 se·

49 2109 240 2174 exspectabat:
264 2123 346 2173 quum
358 2109 476 2174 Appius,
498 2107 762 2175 etinsitasuperbia

54 2212 61 2236 ‚
81 2182 109 2228 ct
125 2183 156 2227 ut
172 2177 297 2244 collegae
316 2193 416 2228 vanam
436 2178 543 2230 faceret
563 2178 659 2240 iidem,
678 2192 762 2244 quam

50 2246 105 2297 ime
120 2252 244 2312 poterat,
273 2247 315 2297 ius
332 2247 367 2298 de
389 2246 503 2299 creditis
519 2248 642 2313 pecuniis
658 2247 759 2299 dicere.

49 2329 93 2380 eps
106 2322 142 2377 et,
157 2317 205 2381 qui
215 2317 355 2367 anteneri
366 2316 485 2380 fuerant,
506 2318 693 2369 creditoribus
705 2323 760 2369 tra·

49 2391 106 2448 tur,
129 2391 157 2437 et
172 2386 354 2437 nectebantur
370 2387 428 2439 elii.
466 2387 546 2448 Quod
561 2388 609 2439 ubi
620 2388 663 2438 cui
675 2385 760 2438 militi

51 2461 104 2518 rat,
120 2456 258 2522 collegam
270 2456 444 2522 appellabat:
463 2472 611 2508 concursus
624 2458 659 2509 ad
671 2457 760 2508 Serri·

49 2528 133 2590 lebat,
148 2527 224 2578 illius
236 2527 374 2592 promissa
384 2528 537 2588 iactabant,
559 2528 602 2578 illi
614 2529 762 2593 exprobra·

48 2614 89 2650 rua
99 2599 213 2666 quisquc
223 2596 293 2648 belli
303 2597 405 2647 merita
417 2597 615 2664 cicatricesque
623 2604 762 2663 acceptas.

48 2668 152 2733 labent,
162 2674 195 2721 ut
204 2674 253 2722 aut
262 2664 382 2722 referret
391 2666 430 2720 uu
439 2674 574 2733 senatum,
585 2675 633 2720 aut
644 2675 675 2721 ut
685 2667 762 2721 auxi-
