1860 2978
138 389 352 444 EPITOME
369 390 500 443 LIBRI
517 388 557 443 ll.

28 486 108 529 cutus
122 476 299 528 iureiurando
310 480 439 546 populum
455 477 602 538 astrinxit,
622 477 752 530 neminem

28 563 67 598 tre
84 545 187 598 Romae
202 562 346 614 passuros:
379 545 557 614 Tarquinium
578 544 751 607 Collatinum,

28 631 80 677 :am
90 632 175 672 suum.
191 624 303 683 propter
313 614 477 683 affinitatem
492 613 701 682 Tarquiniorum
710 631 753 667 su·

28 700 79 749 um,
91 684 181 754 coegit
191 688 331 739 consulatu
342 702 369 738 se
379 684 514 747 abdicare,
525 693 552 736 et
561 684 672 737 ciuitate
679 685 752 737 cede·

28 770 78 807 ona
89 770 186 825 regum
197 755 280 822 diripi
290 755 383 807 iussit.-
405 770 505 824 agrum
515 753 604 806 Marti
614 768 752 807 consecra·

28 822 59 877 ui
71 821 188 892 Campus
199 824 321 877 Martius
332 823 486 879 nominatus
496 833 543 876 est.
566 822 751 875 Adulescentes

28 910 66 959 es,
83 893 113 946 in
128 894 223 962 quibus
238 911 298 947 suos
313 910 415 962 quoque
428 902 456 946 et
467 892 567 946 sororis
575 891 665 962 filios,
687 891 752 960 quia

28 973 160 1016 reserant
170 964 201 1016 ele
206 964 366 1032 recipiendis
376 964 494 1032 regibus,
504 962 592 1015 securi
600 960 753 1029 percussit.-

32 1032 125 1096 intret,
137 1033 182 1085 cui
193 1032 315 1087 Vindicio
325 1049 419 1085 nomeu
425 1033 496 1103 fuit,
506 1032 660 1101 libertatem
667 1030 752 1081 dedit:

28 1102 69 1155 ius
78 1102 183 1157 nomine
194 1103 313 1157 uindicta
324 1110 365 1154 est
376 1103 523 1169 appellata.
562 1097 651 1161 Quum
661 1099 753 1149 arlaer·

28 1189 86 1243 ges,
98 1173 307 1240 qui,contractir
317 1170 471 1224 Veientium
478 1178 506 1221 et
515 1165 754 1236 Tarquiniensium

28 1259 48 1306 t,
68 1241 165 1294 bellum
174 1243 334 1306 intulerunt,
350 1238 498 1294 exercitum
510 1238 639 1303 duxisset,
654 1237 685 1291 in
695 1235 754 1290 acie

28 1310 140 1374 trunte,
153 1312 217 1382 filio
230 1311 359 1381 Superbi,
377 1318 557 1363 commortuus
570 1316 622 1361 ests
644 1323 753 1376 euinque

28 1396 200 1434 enaeannum
211 1386 348 1436 luxerunt.
380 1380 416 1433 P.
433 1378 558 1432 Valerius
568 1381 661 1432 consul
670 1381 693 1431 le
714 1392 754 1428 em

28 1449 182 1503 evocatione
196 1452 233 1503 ael
243 1454 371 1520 populum
387 1449 461 1502 tulit.
501 1447 667 1518 Capitolium
698 1445 754 1503 eeli-

28 1526 99 1571 sest.
135 1518 268 1583 Porsena,
283 1537 333 1573 rex
345 1519 525 1578 Clusinorum,
543 1520 610 1568 lello
616 1532 669 1583 pro
683 1514 752 1567 Tar-

28 1587 197 1670 issuscepto,
216 1606 294 1655 qurum
304 1590 342 1637 uu
349 1583 501 1637 [annulum
511 1584 639 1649 uenisset,
659 1602 692 1637 ne
705 1582 754 1635 Ti·

28 1666 195 1718 :transirem
215 1656 317 1707 uirtute
339 1651 450 1708 Coclitie
466 1653 581 1707 Horatii
596 1653 753 1722 prohibitus

28 1727 83 1795 ussi,
103 1727 163 1778 dum
173 1725 225 1777 alii
231 1733 341 1793 pontem
352 1724 491 1777 sublicium
501 1724 666 1788 rescindunt,
682 1724 753 1774 solus

28 1813 82 1852 scos
93 1795 225 1848 sustinuit
229 1813 240 1857 ,·
251 1804 287 1859 et,
295 1803 379 1863 ponte
390 1804 480 1864 rupto,
490 1804 613 1848 armatus
624 1810 651 1844 se
661 1789 754 1859 influ-

28 1866 102 1928 niss‘t,
122 1874 149 1918 et
156 1865 194 1917 orl
202 1881 263 1917 suos
275 1864 407 1918 tranauit.
443 1863 567 1916 Alterum
578 1859 753 1914 occessitoir-

28 1937 174 2002 exeuntum
185 1952 202 1987 a
211 1934 313 1987 Mucio:
324 1932 379 2000 qui,
390 1948 470 1998 quum
480 1930 678 2001 adferiemlum
683 1926 754 1979 Por-

28 2013 144 2059 noustra
155 2003 271 2057 nostium
287 2003 432 2064 intrasset,
453 1999 539 2052 occiso
552 1998 655 2062 scriba,
676 2012 754 2066 quem

28 2091 38 2125 e
50 2090 105 2127 esse
112 2074 243 2143 putabat,
266 2071 477 2139 comprehensus,
491 2069 645 2137 imperitam
655 2065 753 2121 altari·

28 2160 124 2207 raremu,
139 2143 168 2199 in
177 2144 273 2210 quibus
282 2141 467 2210 surrichatum
479 2148 549 2203 erat,
570 2139 649 2193 exuri
655 2154 758 2208 passus·

29 2213 166 2281 dixitque,
189 2215 258 2265 tales
269 2219 403 2263 trecentos
413 2227 467 2262 esse
480 2210 634 2264 coniuratos
644 2210 674 2263 in
684 2226 754 2261 mor·

28 2283 100 2350 psius
115 2283 198 2352 regis.
239 2279 362 2344 Quorum
375 2280 552 2334 admiratione
563 2290 672 2334 coactus
683 2279 753 2332 Por-

28 2352 104 2421 pacis
120 2351 286 2406 conditiones
295 2349 389 2421 ferre,
409 2350 504 2403 lellum
514 2350 616 2413 omisit,
638 2345 756 2412 acceptis

28 2423 101 2475 ilus:
112 2439 145 2474 ex
156 2422 251 2490 quibus
263 2420 341 2490 uirgo
352 2436 407 2473 una
422 2418 532 2484 Cloelia,
544 2417 659 2485 deceptis
669 2421 757 2465 custo·

28 2531 36 2559 ,
47 2508 100 2560 per
114 2489 234 2544 Tiberim
244 2493 280 2544 ael
290 2507 350 2544 suos
362 2491 503 2548 tranauit:
516 2481 779 2561 munitiunculam

28 2601 30 2614 .
50 2562 204 2616 uPorsena
215 2562 369 2640 honorifice
381 2568 520 2633 remissa,
544 2556 672 2632 equestri
691 2559 801 2605 mutuo

28 2639 97 2704 ΨΑ
128 2633 185 2705 Ap·
197 2633 340 2701 Claudius
350 2664 387 2703 eu
402 2641 523 2703 Saleium
537 2619 821 2695 Romumtsunsffu·
