1860 2978
123 40 158 61 ‘¹:¹¹'
223 40 260 55 ,η

32 121 97 173 ms.
112 92 164 173 rr.
180 118 260 174 cn.
272 118 368 176 aaa.
389 121 430 188 [u.
443 121 474 173 c.
484 125 543 179 352.
554 122 587 173 A.
600 125 631 174 c.
642 124 711 191 aa]
740 125 792 178 roo

32 245 41 280 s
54 229 88 280 ab
101 228 221 278 tribunis
233 228 363 289 militum,
374 227 791 294 quoperdiscessumhominum

34 298 117 359 urbe,
139 313 220 364 quum
232 296 330 348 Patres
342 297 514 347 clandestina
529 297 739 349 denuntiatione
751 315 792 350 rc-

32 368 82 418 :ati
95 367 131 416 ad
144 367 217 417 diem
228 373 331 418 certam
343 373 443 427 essent,
464 367 735 419 senatusconsultum
746 369 791 419 tie-

33 473 41 499 ,
65 436 224 488 absentibus
236 435 354 486 tribunis
365 436 454 501 plebi:
476 441 515 498 ut,
531 437 661 502 quoniam
671 436 791 488 Volscos

32 505 218 558 Hernicorum
237 521 319 573 agros
337 505 499 571 praedatum
516 507 606 558 exisse
623 506 791 568 samaesset,

40 590 100 627 rem
116 575 317 641 inspiciendam
329 574 434 626 tribuni
450 574 570 626 militum
584 576 792 642 proficisceren-

32 661 43 708 ·,
55 644 268 711 consulariaque
278 645 393 695 comitia
405 643 581 696 haberentur.
609 643 791 713 Profectirlp.

32 714 145 776 rudium,
161 713 250 765 filium
263 714 422 776 decemviri,
441 714 613 780 praefectum
624 715 701 766 urbis
712 714 793 768 relin-

32 789 86 846 nnt,
96 784 246 851 impigrum
255 784 390 846 iuvenem,
401 789 429 835 et
440 784 496 835 iam
506 785 571 836 inde
583 785 617 835 ab
626 785 792 837 incunabilis

32 853 127 904 butum
137 853 200 904 odio
210 853 385 905 tribunorum
396 854 547 921 plebisque.
573 855 705 906 Tribunis
715 855 792 922 plebi

32 938 40 974 ι
55 938 117 974 cum
133 923 295 975 absentibus
309 923 357 985 iis,
377 923 425 988 qui
439 926 711 976 senatusconsultum
720 923 791 976 fece·

32 997 210 1111 it,fneecum
219 992 322 1060 Appio,
341 998 538 1057 transnatare,
560 993 791 1060 quodeontende·

32 1066 59 1124 u,
83 1062 134 1113 uit.

45 1129 187 1184 XXXVII.
217 1104 312 1183 creati
333 1133 460 1184 consules
479 1137 543 1184 sunt
563 1131 593 1182 C.
615 1130 792 1197 Sempronius

32 1200 142 1262 atinus,
161 1200 195 1261 Q.
206 1199 310 1251 Fabius
319 1198 482 1253 Vibulanus.
519 1201 669 1270 Peregrina
678 1216 733 1263 res,
744 1199 795 1250 sed

34 1269 126 1320 moria
136 1268 228 1336 digna,
245 1270 367 1321 traditur
378 1287 411 1322 eo
423 1287 494 1323 anno
505 1270 595 1324 factae
616 1269 794 1331 Vulturnum,

32 1353 171 1399 ruscorum
180 1342 286 1402 urbem,
297 1354 367 1405 quae
378 1354 449 1389 nunc
460 1339 554 1405 Capua
564 1345 621 1403 est,
641 1339 676 1390 ab
688 1336 797 1390 Samni·

32 1424 65 1459 us
76 1412 200 1475 captam3
219 1410 395 1476 Capuamque
405 1411 439 1460 ab
450 1408 519 1461 duee
529 1424 625 1462 eorum
635 1410 739 1478 Capye,
749 1404 795 1459 rel

32 1476 74 1530 rod
84 1477 199 1545 propius
209 1494 275 1530 vero
285 1482 338 1541 est)
350 1494 367 1528 a
375 1479 524 1546 campestri
535 1494 603 1547 agro
615 1479 794 1547 appellatam.

32 1552 214 1614 peretautem,
234 1549 311 1614 prius
321 1548 396 1603 bello
413 1549 542 1618 fatigatis
553 1551 691 1613 Etruscis,
710 1548 741 1600 in
751 1563 795 1599 so-

34 1622 122 1669 tatem
132 1617 209 1669 urbis
220 1632 404 1685 agrorumque
415 1621 536 1687 accepti:
552 1619 653 1672 deinde
664 1617 738 1672 festo
749 1618 795 1669 dia

32 1701 89 1738 ires
104 1701 202 1739 somno
219 1688 360 1755 epulisque
379 1689 487 1740 incolae
502 1696 611 1741 veteres
621 1691 687 1740 nori
702 1687 795 1739 coloni

32 1762 128 1808 rturna
137 1755 222 1809 caede
233 1757 335 1809 adorti.
370 1758 425 1808 His
435 1761 516 1810 rebus
527 1760 607 1821 actis,
624 1757 752 1809 consules
761 1757 794 1820 ii,

32 1840 59 1877 os
71 1825 205 1890 diximus,
226 1827 320 1878 ldibus
332 1826 531 1878 Decembribus
543 1827 738 1894 magistratum
749 1841 794 1877 oc·

32 1910 96 1948 iere.
133 1896 190 1947 lam
202 1912 258 1947 non
269 1897 371 1958 solum,
391 1897 437 1961 qui
448 1897 484 1946 ad
494 1896 524 1945 id
534 1897 612 1946 missi
622 1901 710 1955 erant,
720 1900 794 1946 retu-

32 1971 88 2027 ant‚
100 1964 243 2017 imminere
254 1965 387 2016 Volscum
397 1965 515 2028 bellum3
527 1964 577 2015 sed
587 1964 676 2029 legati
686 1978 795 2031 quoque

35 2034 145 2086 Latinis
156 2040 185 2087 et
196 2035 326 2086 Hernicis
337 2033 512 2096 nuntiabant,
528 2031 592 2087 Non
602 2041 666 2085 onte
676 2048 795 2100 unquam

34 2106 101 2158 lacos
112 2122 160 2158 aec
171 2105 282 2156 decidat
294 2103 427 2173 legendis,
446 2121 495 2159 nee
505 2102 639 2156 exercitui
647 2102 795 2167 residendo,

32 2175 146 2228 estimes
153 2175 253 2246 fuisse.
294 2174 523 2295 Vulgosemere,
535 2182 585 2225 out
595 2173 795 2244 inperpetuum

32 2260 66 2296 aa
76 2243 223 2312 bellumque
238 2244 365 2297 oblivioni
396 2244 480 2308 anda,
499 2243 647 2314 iugumque
662 2243 795 2312 aecipien-

32 2329 50 2363 o
56 2329 67 2373 ;
88 2321 138 2364 aut
146 2313 189 2376 iis,
200 2329 260 2366 cum
270 2314 364 2381 quibus
375 2314 406 2364 de
415 2313 529 2381 imperio
540 2323 671 2379 certetur,
682 2330 730 2366 nec
739 2312 794 2365 oir-

33 2398 57 2444 e,
78 2397 127 2432 nee
134 2383 283 2448 patientia,
303 2399 351 2436 nec
360 2382 503 2451 disciplina
514 2383 556 2436 rei
565 2383 695 2436 militaria
705 2382 796 2433 cedeo-

32 2467 50 2502 n
61 2465 125 2501 este.
160 2452 244 2504 Haud
260 2468 331 2504 rana
344 2453 476 2505 attulere:
499 2453 547 2505 sed
558 2470 608 2505 nec
618 2450 731 2519 perinde
742 2448 795 2501 Pa·

31 2518 128 2571 smoti
144 2527 219 2584 sunt3
240 2529 268 2574 et
284 2525 312 2574 C.
329 2520 521 2588 Sempronius,
543 2523 588 2574 cui
602 2537 635 2573 ea
650 2519 794 2588 provincia

32 2590 61 2640 ti
71 2589 173 2652 evcnit,
192 2596 323 2658 tutiquam
334 2593 576 2643 constantissimae
585 2592 641 2653 rei,
662 2588 792 2642 fortunae

32 2665 89 2723 tus,
110 2658 184 2727 quod
197 2662 314 2715 victoris
324 2661 422 2731 populi
439 2662 570 2714 adversus
582 2658 790 2712 victoricium
