1860 2978
48 126 97 177 ror
197 120 715 191 r.1.1r11[u.c‚s;9.s.c.373]
908 39 919 203 i

49 211 240 298 patrie-iorum,
261 233 289 277 et
301 239 350 291 pro
364 222 517 277 commodis
528 223 635 290 plebis:
655 242 745 279 unam
756 229 792 283 de
802 246 862 285 aere
907 243 913 327 Ι

50 301 151 361 alieno,
174 305 215 360 ut,
232 294 351 346 deducto
364 308 397 345 eo
409 292 443 345 de
455 293 555 361 eapite,
571 294 651 362 quod
660 299 761 351 usuris
770 314 863 368 perau-

50 376 187 421 meratum
200 370 281 425 essct,
298 364 335 427 id,
351 363 426 432 quod
436 370 606 430 superesset,
625 367 760 421 triennio
773 370 863 439 aequis

53 438 228 505 portionibus
245 436 464 500 persolveretur:
483 433 605 486 alteram
624 434 662 488 de
680 439 772 492 modo
790 454 863 508 agro·

53 523 128 566 rum,
148 522 182 555 no
198 504 259 570 quis
271 504 334 569 plus
346 504 498 571 quingenta
508 504 608 571 iugera
618 507 864 575 agripossideret:

52 576 175 636 tertiam,
186 590 220 623 ne.
232 574 407 625 tribunorum
417 573 540 624 militum
551 575 674 629 comitia
684 578 800 641 fierent,
809 595 864 632 eon
904 578 908 585 '

52 645 198 709 solumque
214 644 314 711 utique
331 643 404 694 alter
419 657 454 694 ex
470 643 552 710 plebe
564 652 728 700 crearetur.
767 650 864 701 cuneta

54 714 191 781 ingentia,
212 719 240 763 et
262 728 333 780 quae
349 713 409 764 sino
426 714 579 767 certamine
598 716 731 767 maximo
748 717 864 771 obtineri
898 755 901 764 .

54 800 108 833 non
119 788 242 847 possent.
279 782 409 833 Omnium
426 782 513 848 igitur
522 782 609 833 simul
618 797 733 850 rerum,
755 802 865 857 quarum

54 851 204 903 immodica
215 852 316 921 cupido
327 853 400 902 inter
410 850 545 902 mortales
557 857 610 913 est,
630 855 709 922 agri,
727 858 865 923 pecuniae,

54 920 205 982 honorum,
227 921 386 971 discrimine
405 920 564 986 proposito,
589 925 748 977 conterriti
766 926 865 989 Patres,
899 982 902 991 ,

54 1006 137 1058 quum
149 991 344 1057 trepidassent,
353 988 471 1055 publicis
482 990 662 1058 privatisque
674 994 805 1049 consiliis
815 996 865 1047 nul-

53 1061 82 1112 lo
99 1060 222 1112 remedio
237 1060 309 1123 alio,
328 1063 440 1127 practer
454 1064 599 1125 expertam
615 1062 721 1116 multis
734 1065 795 1119 iam
809 1072 864 1117 ante

57 1131 255 1182 certaminibus
267 1128 507 1191 intercessionem,
527 1128 657 1194 invento,
682 1135 814 1205 collegas
826 1134 864 1187 ad·

57 1216 153 1251 sersus
168 1200 332 1250 tribunicias
348 1197 510 1265 rogationes
519 1211 775 1266 comparaverunt.
810 1204 864 1271 Qui,

58 1270 104 1319 nbi
121 1270 211 1320 tribus
230 1269 264 1321 ad
276 1268 443 1337 suffragium
461 1268 613 1321 ineundum
630 1271 724 1327 citari
739 1273 865 1329 aldoinio
905 1300 908 1309 ·

56 1338 207 1405 Sextioque
222 1339 364 1403 viderunt,
385 1337 482 1403 stipati
499 1338 615 1391 Petrum
629 1346 806 1409 praesidiis,
823 1360 866 1397 reo
906 1357 909 1366 ·

56 1409 170 1458 recitari
186 1410 359 1476 rogationes,
381 1423 432 1460 nec
442 1408 568 1462 sollenne
579 1410 741 1480 quicquam
753 1416 827 1469 aliud
836 1410 865 1463 ad

57 1478 228 1527 sciscendum
249 1479 325 1542 plebi
348 1477 407 1528 lieri
429 1479 504 1544 passi
519 1483 592 1529 sunt.
631 1482 760 1553 lamque
774 1486 865 1537 frustra

56 1561 137 1611 saepe
150 1545 269 1597 coneilio
282 1546 432 1607 advocate,
454 1562 538 1613 quum
553 1562 604 1615 pro
617 1553 785 1622 antiquatis
795 1567 865 1621 rega·

56 1616 145 1665 tiones
160 1621 268 1679 essent;
288 1614 362 1668 Bene
377 1613 473 1680 latet,
494 1618 586 1684 inquit
600 1617 738 1678 Sextius:
760 1626 866 1694 qnando·

55 1685 159 1754 peridem
171 1694 277 1736 teritum
288 1684 504 1740 intercessionem
509 1691 613 1755 pollere
619 1693 736 1762 placet,
756 1696 867 1763 irleipre

56 1758 108 1807 telo
120 1755 274 1808 inludimur
286 1757 399 1824 plebem.
436 1755 595 1827 Agitednrn,
620 1764 745 1819 cornilio
756 1764 869 1835 indieile,

57 1827 166 1889 Patres,
177 1825 291 1878 tribunis
300 1827 418 1879 militnm
428 1828 569 1880 creandis:
584 1828 672 1899 saxo,
690 1852 728 1888 ne
739 1836 869 1889 inerter:

55 1896 124 1958 isla,
153 1893 270 1958 l'ETO,
291 1914 344 1964 qna
359 1913 430 1950 nune
444 1897 615 1950 concinentes
633 1904 762 1975 collegae
772 1913 869 1960 nostres

55 1975 112 2017 torn
122 1966 189 2018 laeli
199 1966 309 2019 auditis.
325 1967 408 2018 llaud
418 1966 516 2018 irritae
528 1968 655 2024 cecidere
666 1974 782 2030 minae:
794 1974 870 2029 comi·

55 2035 108 2096 tia,
130 2048 242 2101 practer
262 2037 394 2088 aedilium
412 2036 645 2106 tribunorumque
662 2043 778 2110 plebis,
798 2045 870 2097 nulla

54 2110 118 2152 sunt
130 2104 233 2156 habita.
269 2106 397 2158 Licinius
408 2105 585 2175 Sextiusque,
601 2109 718 2164 tribuni
728 2116 824 2183 plebis
834 2130 870 2165 re·

53 2171 133 2234 fecti,
153 2175 245 2224 nullos
267 2177 376 2228 curules
392 2177 573 2245 magistratus
590 2182 686 2232 creari
702 2190 784 2251 parmi
798 2192 868 2237 sunt:

54 2257 140 2309 eaque
161 2243 285 2294 solitudo
307 2248 536 2314 magistratuum,
566 2255 594 2299 ot
616 2250 703 2316 plcbc
727 2257 870 2308 reficiente

54 2313 123 2363 ‹lnos
145 2313 284 2376 tribunos,
305 2315 395 2367 ethis
416 2317 532 2368 comitia
547 2319 733 2375 tribunorum
750 2328 869 2380 militum

54 2384 229 2446 tollentibus,
241 2399 292 2451 per
303 2384 519 2452 quinquennium
530 2389 627 2441 urbem
640 2394 751 2451 tenuit.

112 2453 241 2507 xxxvl.
261 2455 325 2507 Alia
344 2457 420 2508 bella
441 2463 597 2523 opportuno
619 2458 775 2528 quierere:
798 2467 869 2521 Veli·

49 2522 123 2577 terni
136 2526 232 2581 coloni
237 2568 245 2595 ,
265 2527 421 2600 gestientes
431 2529 508 2589 otio,
527 2530 605 2596 quod
615 2534 714 2586 nullus
728 2541 869 2591 exereitus

42 2595 189 2656 Romanus
202 2612 293 2671 esset,
306 2610 339 2657 et
350 2600 620 2677 agruml‘eomanum
626 2597 874 2672 ainrqxotxes'meur-

31 2687 148 2744 sarcre,
170 2686 197 2734 et
212 2677 384 2735 Tusculum
400 2679 570 2743 oppugnare
581 2661 772 2711 emmim·
801 2669 895 2726 *essse
