1898 3292
81 113 132 167 188
238 116 271 167 r.
289 112 398 165 mvn
417 112 461 180 [o.
475 113 505 162 c.
518 111 747 181 maneum]
835 88 841 99 ’
872 68 880 86 ⁴

83 222 226 274 discordia
234 221 360 272 Romana
370 223 519 284 ponentes3
531 233 591 271 eam
601 217 832 284 impedimentum
843 220 890 271 de·

82 292 170 345 lectui
179 291 248 341 fore.
284 288 347 338 Non
358 287 450 337 nuntii
461 287 561 350 solum,
582 287 632 339 sed
642 302 692 352 per
700 287 799 339 urbem
811 303 891 355 agre·

83 361 167 412 stium
176 358 245 425 luga
255 355 471 422 trepidationem
481 356 585 409 iniecit.
610 356 771 409 Decemviri
782 357 891 409 consul-

81 435 152 489 tant,
165 427 232 495 quid
241 441 310 492 opus
320 423 396 477 sacto
408 426 453 477 sit.
489 426 642 478 Destitutis
652 426 726 479 inter
736 426 853 479 Patrum
862 432 893 480 et

82 497 172 566 plebis
182 494 248 547 odia
259 495 368 551 addidit
378 502 515 547 terrorem
533 497 648 562 insuper
663 497 751 547 alium
765 496 891 551 fortuna.

82 565 172 633 Aequi
182 565 240 616 alia
250 580 284 616 ex
294 572 374 632 parte
386 571 479 616 castra
487 565 516 616 in
526 565 628 632 Algido
639 567 749 618 locant:
770 566 892 634 depopu-

82 637 225 701 latumque
240 633 305 686 inde
316 635 526 687 excursionibus
537 636 728 688 Tusculanum
739 651 837 703 agrum
853 637 892 689 le-

84 705 144 773 gati
155 703 189 755 ab
200 704 336 766 Tusculo,
356 704 527 770 praesidium
543 710 670 768 orantes,
688 707 829 758 nuntiant.
865 706 893 757 ls

82 788 171 844 pavor
179 773 302 841 perpulit
311 772 491 838 decemviros,
500 779 532 825 ut
543 779 678 838 senatum,
690 774 773 826 simul
784 775 893 828 duobus

82 843 328 897 circumstantibus
339 843 436 895 urbem
446 842 538 904 bellis,
550 844 735 897 consulerent.
752 845 842 897 Citari
851 845 895 897 iu·

82 913 306 968 beritincuriam
314 912 426 975 Patres,
446 908 521 963 haud
530 913 632 980 ignari,
653 920 758 981 quanta
767 914 894 967 invidiae

83 982 244 1037 immineret
259 987 423 1048 tempestas:
447 994 543 1034 omnes
557 983 662 1034 vastati
677 985 740 1050 agri
753 985 894 1049 periculo·

84 1069 202 1121 rumque
212 1051 416 1104 imminentium
427 1066 525 1101 causas
538 1050 567 1101 in
577 1068 607 1102 se
618 1058 816 1118 congesturos,
836 1059 895 1107 ten·

85 1124 275 1191 tationemque
286 1137 349 1174 eam
359 1119 422 1172 fore
433 1117 565 1171 abolendi
575 1119 632 1171 sibi
645 1123 846 1188 magistratus,
864 1124 895 1175 ni

86 1209 224 1246 consensu
233 1193 408 1252 resisterent,
429 1188 601 1255 imperioque
623 1187 774 1243 inhibendo
791 1193 895 1245 acriter

84 1265 116 1315 in
126 1277 230 1330 paucos
240 1259 413 1327 praeferocis
424 1258 510 1307 animi
519 1263 636 1308 conatus
646 1259 765 1311 aliorum
776 1263 895 1330 compri-

85 1338 201 1386 merent.
236 1330 389 1396 Postquam
399 1325 495 1376 audita
505 1339 562 1377 vox
569 1325 599 1377 in
610 1326 673 1379 foro
684 1336 727 1381 est
736 1333 895 1397 praeconis,

85 1400 184 1461 Patres
194 1399 340 1449 incuriam
352 1395 389 1446 ad
399 1393 570 1446 decemviros
579 1399 719 1464 vocantis3
731 1402 809 1453 velut
821 1418 896 1455 noro

85 1484 140 1531 res,
151 1468 216 1535 quia
225 1465 434 1518 intermiserant
443 1463 552 1518 andiu
561 1480 668 1521 morem
679 1471 845 1525 consulendi
854 1489 895 1527 se·

85 1544 179 1600 natus,
193 1534 386 1589 mirabundam
397 1531 507 1602 plebem
518 1539 669 1602 convertit,
688 1541 816 1610 quidnam
827 1542 894 1597 iuci-

86 1608 182 1671 diuet,
202 1623 251 1659 cur
262 1623 297 1659 er
311 1614 387 1659 tauto
401 1604 545 1658 intervallo
560 1624 616 1660 rem
628 1611 765 1664 desuetam
780 1629 895 1681 usurpa·

87 1687 156 1732 rent.
191 1675 323 1728 Hostibus
334 1677 451 1742 belloque
459 1675 583 1744 gratiam
594 1676 752 1741 babendum,
774 1684 885 1750 prodeo

87 1747 166 1802 litum
180 1747 325 1816 quicquam
345 1746 445 1799 liberae
460 1744 578 1798 civitatis
591 1746 686 1816 fieret.
722 1749 894 1819 Circumspe-

86 1825 164 1872 ctare
174 1819 301 1870 omnibus
312 1815 375 1870 'lori
389 1816 515 1884 partibus
526 1822 698 1880 senatorem,
719 1834 841 1888 raroque
851 1837 894 1874 us·

87 1905 169 1957 quam
183 1888 338 1941 noscitare:
360 1887 465 1939 curiam
482 1885 546 1938 inde
567 1902 600 1939 ac
618 1889 799 1942 solitudinem
820 1892 895 1944 circa

87 1959 260 2013 decemviros
273 1958 390 2024 intueri3
412 1972 495 2024 quum
510 1961 538 2009 et
554 1957 609 2024 ipsi
622 1958 741 2011 invisum
756 1975 894 2014 consensu

86 2030 241 2097 imperium,
251 2035 280 2081 et
289 2029 378 2096 plebs,
390 2028 454 2096 quia
463 2025 578 2094 privatis
589 2028 635 2078 ius
643 2044 700 2080 non
711 2035 785 2082 esset
793 2047 893 2085 vocan-

87 2098 268 2160 dissuetum,
290 2113 347 2150 non
357 2097 504 2150 convenire
515 2095 613 2149 Patres
627 2098 892 2166 interpretarentur3

86 2167 143 2219 iam
152 2176 233 2234 caput
242 2167 312 2237 fleri
322 2167 475 2221 libertatem
484 2167 676 2233 repetentium,
697 2170 721 2222 si
731 2187 758 2222 ee
765 2172 843 2238 plebs
852 2187 893 2224 co·

87 2236 179 2290 mitem
197 2237 305 2289 reuolui
324 2239 377 2300 det,
397 2244 433 2298 et,
454 2238 671 2304 quemadmodum
686 2240 790 2293 Patres
804 2239 893 2294 uocati

85 2322 139 2361 nou
158 2314 260 2371 coeant·
273 2307 304 2361 iu
321 2314 457 2368 senatum,
478 2304 518 2356 sic
534 2306 610 2374 plebs
631 2308 736 2362 abnuat
754 2313 892 2365 delectum.

86 2376 166 2428 Haec
177 2374 299 2428 fremunt
315 2376 418 2443 plebes.
454 2374 569 2428 Patrum
585 2375 660 2428 haud
674 2378 735 2431 fere
748 2383 893 2449 quisquam

87 2446 117 2495 in
126 2444 198 2508 loro,
213 2446 243 2496 in
252 2448 320 2498 urbe
329 2445 388 2496 rari
398 2449 485 2495 erant.
520 2445 691 2514 indignitate
701 2465 796 2502 rerum
808 2465 893 2504 cesse·

86 2521 151 2565 rant
161 2515 191 2565 in
202 2527 298 2580 agros;
315 2529 479 2581 suarumque
490 2529 582 2567 rerum
594 2525 681 2581 erant,
693 2520 796 2572 amissa
806 2520 892 2588 publi·

88 2598 133 2632 ca:
155 2589 262 2634 tantum
276 2584 310 2635 ab
321 2584 424 2635 iniuria
434 2600 464 2635 se
476 2584 573 2637 abesse
584 2590 648 2649 rati,
660 2596 794 2655 quantum
805 2606 823 2642 a
834 2605 891 2644 coe·

87 2655 119 2699 tu
133 2666 337 2724 congressuque
357 2654 552 2724 impotentium
574 2656 751 2713 dominorum
771 2674 881 2717 scama
