1860 2978
93 124 442 182 muraenarum.
462 128 506 196 [o.
518 128 547 182 o.
560 128 617 200 259.
628 132 660 180 s.
673 132 701 182 c.
713 131 782 198 squ]
818 132 853 186 oo

51 206 417 224 b-—————--—-
742 210 850 222 -ι-ι-ι

44 231 232 284 efferaverant
250 231 373 295 speciem
389 231 456 281 oris.
493 230 694 282 Noscitabatur
711 236 805 283 tarnen
824 235 852 285 in

43 306 125 352 tanta
136 296 329 361 deformitate,
350 306 378 351 et
390 299 500 351 ordines
511 300 623 352 duxisse
636 301 761 362 aiebant,
784 303 853 354 alia-

46 386 99 438 que
110 369 233 420 militiae
244 369 347 420 decora
357 369 619 437 vulgo,miserantes
626 387 696 434 eurn,
702 372 852 424 iactabant.

43 441 120 506 lpse,
141 445 227 491 testes
237 437 417 491 honestarum
429 440 537 507 aliquot
547 441 616 491 locis
628 457 794 509 pugnarum,
817 444 853 494 ci·

44 509 165 562 catrices
176 508 292 560 adverso
304 516 416 575 pectore
427 512 596 562 ostentabat.
629 511 852 575 Sciscitantibus,

42 580 115 632 ande
129 578 176 630 ille
197 577 328 630 babitus?
346 581 417 632 ande
439 580 618 654 deformitas?
640 595 722 649 quurn
738 582 853 634 circum·

43 648 203 701 iusouuba
217 655 291 700 esset
306 664 394 716 prope
408 650 438 702 iu
453 651 596 703 concionis
605 650 732 714 modurn,
752 651 852 704 Sabino

42 719 126 783 lello,
147 718 202 780 ait,
225 734 254 770 re
264 718 440 784 militantem,
459 721 523 790 quio
537 730 650 790 propter
661 721 852 790 populationes

44 787 113 868 agri
121 802 176 841 aon
185 788 288 860 fracta
299 790 374 840 modo
385 790 517 854 caruerit,
537 793 584 842 sed
592 791 657 843 oilla
668 791 777 844 incensa
787 791 852 863 fae·

41 866 92 921 nt,
102 857 210 925 direpta
222 856 320 922 omnia,
329 876 431 928 pecora
441 861 549 924 abacta,
556 861 689 913 tributam
699 861 792 930 iniquo
803 877 852 914 ruo

42 927 346 998 temporeimperamm,
366 946 411 982 aer
423 930 662 1002 alienumfecisre:
680 930 719 994 id,
735 934 854 983 cuniula-

41 1007 104 1051 tum
120 995 225 1061 καινὴ,
242 997 333 1066 primo
349 1014 377 1052 se
392 1016 461 1070 agro
469 1008 586 1068 paterno
605 1000 854 1068 acitoqaeexus'sse,
884 998 887 1003 '

42 1067 140 1121 deinde
173 1068 279 1121 artonis
290 1068 369 1121 aliis.-
383 1078 537 1136 postremo,
556 1069 741 1132 aelottadem,
760 1085 854 1138 peree-

41 1136 142 1193 m‘uea
172 1153 277 1204 corpur.
314 1137 439 1191 Doctum
448 1154 475 1191 se
486 1139 520 1191 ab
531 1139 680 1201 creditore,
699 1138 789 1190 aonia
800 1154 854 1189 ser·

39 1205 158 1268 vitium,
176 1208 224 1258 red
232 1207 261 1260 ia
272 1210 441 1275 ergastulum
453 1214 480 1257 et
489 1204 679 1274 carnficinam
688 1222 751 1259 esse.
786 1207 853 1263 lude

42 1280 189 1329 ostentare
200 1281 318 1342 tergum,
327 1272 440 1326 foedum
451 1275 609 1327 recentibus
619 1273 748 1345 re'tigiis
757 1279 853 1332 rerbc·

40 1360 116 1399 run.
151 1344 193 1396 Ad
207 1341 277 1396 haec
290 1344 351 1396 risa
366 1344 518 1413 auditaque
530 1346 636 1398 clamor
645 1347 743 1414 ingens
754 1349 852 1402 oritur.

40 1416 108 1470 Nou
117 1414 175 1466 iarn
184 1414 248 1466 foro
257 1430 289 1466 sc
298 1415 434 1466 tumultus
445 1416 578 1480 continet,
588 1416 638 1468 sed
648 1417 752 1484 passim
762 1423 851 1471 totam

40 1487 143 1539 urbem
158 1483 296 1552 pervadit.
332 1484 413 1537 Nexu
428 1486 515 1538 vincti
528 1487 669 1555 solutique
685 1503 717 1540 se
731 1488 853 1556 undique

41 1557 73 1608 in
83 1555 164 1623 publi
236 1554 408 1621 proripiunt,
429 1556 581 1624 implorant
592 1558 746 1620 Quiritium
758 1558 852 1612 fidem.

41 1625 130 1681 Nullo
143 1624 156 1677 l
224 1624 303 1676 deest
312 1625 461 1678 seditionis
472 1627 645 1679 voluntarius
657 1643 763 1679 cornea:
783 1628 853 1679 mul·

42 1696 83 1748 tis
92 1694 198 1763 passim
209 1694 365 1763 agminibus
376 1710 427 1762 per
436 1710 531 1749 omues
542 1698 601 1748 vias
613 1712 674 1748 curn
689 1698 812 1749 elamore
823 1699 853 1747 in

42 1765 137 1818 forum
148 1765 279 1818 curritur.
314 1765 420 1836 Magno
433 1783 493 1818 curn
505 1766 629 1835 periculo
640 1783 700 1831 suo,
722 1768 768 1833 qui
778 1767 852 1818 forte

41 1835 160 1888 Petrum
171 1833 372 1899 insumerent,
383 1837 413 1887 in
425 1853 487 1889 earn
498 1837 608 1888 turbam
618 1836 790 1888 inciderunt:
801 1851 852 1887 nec

41 1910 231 1972 temperatum
241 1905 369 1958 manibus
380 1905 468 1968 foret,
489 1906 645 1971 nipropere
661 1904 800 1965 consules,
820 1904 851 1957 P.

42 1974 181 2028 Servilius
191 1980 220 2026 et
228 1977 279 2043 Ap.
291 1975 431 2038 Claudius,
443 1975 478 2026 ad
491 1972 729 2040 comprimendam
739 1973 852 2025 seditio·

43 2060 109 2097 nem
117 2045 342 2098 intervenissent.
379 2045 411 2096 ln
422 2060 471 2097 eos
485 2043 636 2095 multitudo
647 2058 740 2106 versa,
760 2051 851 2096 osten·

42 2122 107 2168 tare
120 2114 232 2166 vincula
246 2132 298 2168 sua
318 2114 581 2183 deformitatemque
597 2114 690 2167 aliam.
726 2114 806 2168 Haec
819 2131 851 2167 sc

42 2185 161 2237 meritos
172 2184 272 2249 dicere,
279 2187 477 2253 exprobrantes
489 2201 568 2237 suam
579 2185 694 2254 quisque
703 2185 775 2238 alius
782 2186 851 2238 abbi

41 2255 185 2308 militiam.
219 2254 369 2308 Postulare
382 2257 471 2308 multo
487 2256 633 2310 minaciter
641 2257 745 2326 magis,
767 2271 850 2324 quani

42 2323 219 2392 suppliciter,
238 2332 272 2378 ut
291 2331 417 2379 senatum
437 2333 583 2379 vocarent:
604 2327 777 2393 curiamque,
796 2323 851 2388 ipsi

41 2393 134 2446 futuri
154 2394 252 2446 arbitri
272 2395 520 2464 moderatoresque
533 2398 638 2463 publici
655 2395 777 2454 consilii,
799 2392 850 2442 cir·

42 2464 218 2517 cumsiatunt.
254 2466 340 2518 Pauci
363 2465 512 2517 admodum
531 2466 657 2527 Petrum,
679 2478 747 2533 quos
769 2476 849 2512 casira

41 2533 200 2596 obtulerat,
221 2536 357 2588 contracti
368 2535 403 2587 ad
414 2537 555 2588 eonsules:
576 2542 683 2588 ceteros
692 2536 783 2584 metus
793 2546 848 2583 uon

44 2603 122 2655 curia
136 2603 234 2666 modo,
255 2606 303 2658 sed
319 2607 406 2658 etiam
421 2606 483 2657 foro
499 2607 625 2657 arcebat:
646 2618 697 2654 neo
713 2601 760 2670 agi
774 2601 849 2668 quic-

42 2687 130 2742 quam
140 2687 191 2743 per
200 2674 415 2747 infrequentiam
426 2681 540 2746 poterat
549 2679 679 2801 senatps.
700 2673 868 2728 'lusorem
