1860 2978
71 109 202 149 -..anm
220 90 404 146 cremiali.
423 92 468 161 [U.
479 92 509 144 C.
519 94 578 161 337.
589 93 622 144 A.
634 96 743 162 C.415.]
771 96 820 149 279

15 199 101 253 isstes
112 196 319 251 altercationem
333 195 417 249 istum
425 197 542 250 dirimet.
561 198 651 251 Filios
662 216 733 252 onem
744 211 824 254 extra

16 277 119 321 sortem
127 266 191 319 arii
197 264 330 333 praeerit.
365 263 473 318 Bellum
482 267 602 332 utinum,
623 269 670 336 qui
685 280 824 337 appetunt,

16 336 215 392 consideratius
225 335 441 402 concordiusque,
457 353 535 402 quarn
546 339 670 404 eupiunt,
677 350 790 407 gerunt.

72 405 172 457 XLVI.
190 406 336 457 Deleetum
351 404 448 456 haberi
465 422 520 456 nen
535 423 569 458 ex
583 415 644 459 tete
659 410 763 475 passim
777 424 826 476 pe·

20 477 86 546 pule
97 476 211 543 placuit.
231 476 335 526 Decem
346 476 434 527 tribus
445 483 521 527 sorte
532 477 719 544 ductae-sunt,
739 494 774 532 ex
784 477 827 529 his

20 547 139 613 scriptos
150 545 271 597 iuniores
281 545 335 597 due
347 545 454 597 tribuni
464 545 501 597 ad
509 546 614 598 bellum
625 547 738 602 (liuere.
760 550 828 600 Gee-

19 623 69 684 pta
78 618 152 667 inter
162 630 210 667 ees
220 615 249 666 iu
260 616 330 666 urbe
341 616 496 668 certamina
506 617 659 684 eupiditate
671 618 769 671 eadem
777 619 829 669 im·

19 685 94 755 perii
106 685 196 736 multo
210 684 364 752 impensius
377 685 407 736 in
422 686 524 739 eastris
538 688 666 740 accendi:
688 688 759 739 nibil
769 703 830 739 sen·

20 757 76 808 tire
85 755 169 818 idon,
188 769 239 821 pro
251 755 535 825 senteutiapugnares
555 773 607 810 sus
618 758 737 810 consilia
745 757 829 818 nelle,

21 840 73 878 sua
83 825 202 892 imperio
212 824 276 877 sola
285 830 348 877 rata
359 840 434 877 esse:
454 828 779 890 contemneremvicem,
800 832 830 880 et

21 897 172 948 contemni:
194 894 295 957 donee,
312 895 516 963 eastignntibus
525 897 643 964 legatis,
664 896 831 950 tandenrita

20 970 213 1032 comparatum
225 970 277 1026 est,
296 969 328 1014 ut
338 965 454 1018 alternis
465 965 562 1019 diebus
572 982 710 1019 summam
719 965 831 1033 imperii

20 1035 166 1088 baberent.
202 1033 281 1096 Quae
292 1050 376 1101 quum
387 1035 477 1088 allata
486 1036 605 1088 Romam
615 1041 717 1099 essent,
727 1035 832 1087 dicitur

21 1106 57 1168 Q.
67 1104 215 1167 Servilius,
238 1108 332 1157 aetate
349 1111 377 1158 et
387 1121 439 1157 usu
451 1105 564 1169 doetus,
584 1111 715 1173 precatus
730 1107 765 1157 ab
776 1104 832 1155 diis

19 1173 240 1238 immortalibus,
259 1174 457 1228 nediseordia
476 1175 654 1228 tribunorum
670 1174 832 1226 damnosior

19 1244 196 1312 reipublicae
213 1250 302 1307 esset,
321 1260 403 1311 quam
414 1246 450 1298 ad
459 1244 548 1298 Veios
558 1245 672 1297 misses:
694 1250 736 1307 et,
753 1243 833 1297 velut

19 1313 193 1367 hauddubie
203 1313 283 1366 elude
292 1314 464 1381 imminente,
481 1315 620 1368 institisse
630 1314 699 1379 illio,
718 1320 750 1367 ut
760 1313 832 1365 mili·

20 1395 65 1438 tes
75 1383 217 1446 scriberet,
227 1389 257 1436 et
267 1399 346 1438 mma
355 1391 476 1455 pararet.
508 1382 831 1440 Nesislsusratesfuit.

20 1455 95 1509 Nam
112 1453 196 1507 duetu
206 1452 240 1505 L.
252 1452 356 1524 Sergii,
378 1457 456 1510 euius
472 1456 532 1509 olias
546 1456 658 1525 imperii
673 1460 747 1519 erat,
766 1453 830 1506 loeo

20 1524 120 1591 iniquo
129 1524 181 1575 sub
192 1520 314 1575 bostium
325 1528 434 1591 eastris,
445 1542 539 1595 quum,
554 1528 621 1595 quia
629 1526 764 1579 simulato
775 1539 832 1575 me·

20 1604 54 1648 tu
63 1600 209 1660 receperat
218 1608 250 1645 se
259 1593 348 1648 bostis
359 1598 395 1649 ad
404 1597 587 1665 rollum,spes
596 1609 832 1663 ranaexpuguan-

21 1664 54 1717 di
69 1672 164 1714 eastra
178 1677 211 1715 ee
228 1664 375 1729 traxisset,
396 1668 542 1733 repentino
557 1666 664 1732 impetu
674 1666 832 1731 Aequorum

26 1748 74 1802 per
82 1734 211 1799 supinam
220 1733 323 1785 vallem
333 1734 389 1786 iusi
399 1741 476 1797 sunt,
494 1735 631 1802 multique
644 1736 675 1785 in
684 1735 765 1785 ruina
775 1748 832 1784 mn·

32 1818 83 1857 ere
96 1816 180 1870 quam
192 1801 260 1870 lisga
279 1804 403 1870 oppressi
425 1804 652 1870 obtruncatiques
676 1808 832 1868 castraque,

39 1888 58 1926 e
73 1872 118 1924 (lie
131 1888 216 1942 aegre
228 1877 352 1935 retenta,
370 1877 483 1938 postero
501 1871 562 1934 die,
580 1870 758 1923 circumfusis
774 1871 833 1920 iam

42 1956 124 2011 regua
134 1958 169 1994 ex
179 1947 260 2010 parte
271 1941 413 2003 hostibus,
432 1954 484 2008 per
498 1954 625 1992 aversam
640 1946 752 2007 portam
763 1938 833 2008 fugo

47 2012 100 2080 u'pi
120 2013 294 2065 deseruntur.
330 2010 423 2063 Duees
444 2008 599 2079 legatique,
621 2016 650 2062 et
669 2008 833 2075 quodcirca

53 2096 105 2150 gna
114 2082 227 2135 roboris
238 2081 273 2133 de
285 2080 412 2133 exercitu
421 2078 485 2143 fuit,
492 2078 770 2147 'lisseulumpetisre
781 2078 832 2130 Pa·

58 2153 78 2205 ti
88 2152 140 2203 elii
149 2164 294 2220 peragras
305 2151 410 2218 passim
420 2150 517 2201 multis
526 2150 687 2214 itineribus,
707 2148 831 2214 nraioris,

63 2236 107 2273 am
123 2226 240 2289 accepte
255 2228 329 2284 erat,
349 2219 438 2272 eladis
449 2220 544 2272 nuntii
553 2221 672 2274 Remum
682 2220 832 2273 contende·

68 2297 102 2343 rt.
130 2291 227 2343 Minus
237 2290 436 2357 trepidationis
447 2289 511 2355 tuit,
522 2290 597 2358 quod
609 2297 724 2345 eventus
734 2288 832 2342 timori
868 2316 872 2321 -

74 2360 165 2412 ninum
177 2375 331 2428 congruens
342 2359 449 2425 fuerat,
472 2368 501 2413 et
512 2361 586 2428 quod
596 2362 737 2422 subsidio,
760 2372 832 2423 quae

79 2429 195 2482 eicerent
204 2432 233 2481 in
244 2446 275 2483 re
284 2430 577 2497 trepidaprseparata
588 2430 710 2484 erantab
717 2427 831 2478 tribuno

85 2505 156 2553 tumr
172 2499 302 2566 iussuque
311 2500 446 2563 eiusdem
456 2515 506 2567 per
515 2500 638 2552 minores
649 2497 832 2564 magistratus

93 2578 122 2624 to
136 2571 167 2622 in
183 2569 253 2621 urbe
263 2570 398 2633 tumultu,
419 2571 611 2637 speculatores
622 2581 742 2635 propere
753 2564 830 2618 missi

94 2642 199 2706 lasere,
221 2640 340 2695 Tusculi
350 2641 442 2709 „duces
458 2639 669 2706 exercitumque
689 2652 770 2690 essex
782 2634 843 2682 *xxm
