1860 2978
30 109 133 164 mnu.
157 111 231 164 cn.
242 112 286 165 40.
296 109 341 164 41.
359 111 517 179 [ouen.
528 110 597 162 nc,
608 108 678 174 ιω]
714 109 766 161 273

30 192 201 203 --—--——-

30 215 75 267 ida
86 213 137 265 tibi
147 224 211 266 erent
221 214 308 267 hodie.
336 214 470 283 Denique,
486 215 533 267 oti
545 214 574 266 C.
588 213 769 282 Sempronius,

30 284 140 352 'egiones
156 294 266 337 nostrae
281 285 353 337 sint?
373 287 490 336 desertus
503 285 553 346 sia,
573 303 608 336 an
620 283 768 336 deserueris

30 357 96 405 ulem
107 355 324 422 exercitumque?
341 356 406 406 oieti
417 355 527 422 deniqne
537 355 619 406 sinens
626 391 633 417 ,
654 372 690 406 au
701 354 769 405 viee-

30 424 65 474 rs?

30 492 87 543 iLi.
107 493 244 545 Aduersus
265 493 334 545 haee
348 495 498 559 Tempanii
519 494 608 544 oratio
628 493 771 561 incompta

30 578 52 613 te
63 563 181 629 dicitur5
204 570 327 615 ceterum
337 564 499 616 militariter
516 566 622 630 gravis,
643 579 699 614 non
713 564 771 616 suia

30 650 37 683 ι
47 632 185 695 laudibus,
194 648 250 684 non
262 635 375 686 erimine
382 634 472 686 alieno
482 634 569 686 laeta:
587 632 697 694 Quanta
703 650 771 702 pru·

30 701 56 753 ia
72 702 114 753 rei
131 701 241 754 bellicae
256 704 285 756 in
298 703 327 755 0.
342 704 498 772 Sernpronio
513 713 594 767 esset,
614 721 667 756 non
677 703 772 756 militia

30 781 171 840 uperutore
183 773 411 826 existimationem
422 791 485 838 eme,
496 773 643 841 aedpopuli
653 772 772 826 Romani

30 859 65 905 te,
86 856 166 908 quum
177 859 236 895 eum
251 843 366 896 cannitiis
382 846 512 897 consulem
527 846 637 913 legeret.
673 842 771 911 Itaque

30 912 44 963 b
56 928 84 963 ae
95 912 273 980 imperatoria
284 913 406 977 consilia,
417 930 468 967 nen
480 917 631 966 cantatores
642 921 716 964 arten
728 929 773 965 eu·

29 990 119 1045 erent,
140 997 208 1049 quae
216 982 381 1052 pensitanda
391 1000 494 1052 quoque
504 982 611 1053 magnis
622 982 720 1034 animia
731 991 772 1034 at-

31 1051 150 1121 ingemit
161 1063 246 1106 eruent
252 1070 263 1114 ,·
285 1054 337 1117 red,
357 1054 427 1120 quod
438 1053 545 1115 viderit,
565 1052 672 1123 referre
684 1067 772 1118 poree.

30 1121 77 1173 irre
87 1130 178 1175 autem
190 1139 216 1175 te
223 1123 317 1192 priua,
333 1141 413 1193 quam
424 1123 458 1175 ab
469 1122 527 1175 acie
538 1120 773 1183 intercluderetur,

31 1193 101 1244 ulem
110 1191 139 1244 in
146 1192 240 1261 prima
252 1194 310 1246 acie
317 1203 499 1263 pugnantem,
509 1191 713 1253 adhortantem,
732 1189 774 1243 in·

30 1263 103 1331 dgna
113 1261 239 1316 Romana
251 1265 356 1331 telaque
368 1263 485 1316 hostium
496 1269 663 1315 versantem:
680 1265 775 1327 postea

30 1334 36 1383 i
50 1341 188 1398 conspeetu
199 1350 307 1386 auorum
317 1334 448 1387 oblatum.
459 1333 507 1387 Ex
517 1331 636 1400 itrepitu
648 1340 737 1384 tornea
747 1339 775 1383 et

30 1418 83 1454 tore
93 1401 301 1472 seneieoe,utque
308 1406 344 1456 ad
353 1415 455 1457 noctem
462 1410 773 1457 extractumeertamen:

30 1472 64 1525 ud
74 1474 215 1536 tumulum,
227 1490 302 1540 quem
312 1474 370 1542 ipae
381 1483 515 1540 tenuerat,
521 1490 591 1543 prae
601 1471 774 1525 multitudine

30 1540 85 1593 ium
94 1543 200 1594 eredere
206 1544 349 1613 perrumpi
355 1546 485 1614 potuine.
521 1541 776 1597 Exercituiubiea·

35 1627 63 1663 te
73 1611 191 1664 neoeire:
210 1612 355 1677 arbitrari,
374 1618 447 1668 relat
457 1616 514 1683 ipae
525 1614 554 1668 in
565 1630 594 1665 re
605 1611 714 1681 trepida
724 1611 776 1664 loci

30 1680 103 1733 uidio
113 1697 140 1733 ae
151 1698 264 1752 tuaeque
274 1684 311 1736 tit
322 1693 438 1748 tutatus,
457 1684 497 1736 rie
507 1684 640 1737 eantulem
651 1681 777 1735 servandi

30 1751 102 1805 *ritae
113 1768 196 1805 cauta
210 1757 268 1807 laea
284 1753 391 1807 tutiora
402 1753 500 1806 castrii
510 1752 617 1822 copiare.
646 1751 703 1804 Nec'
717 1749 776 1802 Vol-

30 1837 75 1874 um
83 1822 205 1876 melioret
216 1841 259 1876 rer
270 1841 324 1876 ease
335 1824 451 1885 eredere,
461 1838 542 1891 quam
548 1821 646 1890 populi
651 1819 775 1873 Romani.

30 1902 122 1945 tanam
136 1903 292 1960 noctemque
307 1892 397 1945 omnia
415 1892 516 1944 erroris
531 1889 620 1943 mutui
640 1888 776 1957 implesse.-

30 1969 185 2030 euntemque
197 1964 311 2025 deinde,
330 1976 366 2013 ne
375 1976 405 2012 se
416 1959 521 2013 sessum
531 1961 628 2012 labore
641 1975 674 2012 aa
684 1959 776 2010 nilne-

30 2049 47 2084 .s
57 2039 198 2097 tenerent,
219 2048 280 2085 eum
290 2031 399 2098 ingenti
411 2031 509 2095 laude,
529 2045 586 2082 non
594 2029 707 2083 uirtutis
719 2043 777 2080 ma·

32 2119 114 2170 quam
126 2102 338 2164 moderationis,
350 2101 502 2154 dimissum.
532 2103 622 2164 Quum
633 2100 702 2153 haee
710 2114 776 2166 age·

31 2188 73 2235 ur,
94 2173 152 2224 iam
170 2172 268 2226 consul
282 2173 328 2223 via
342 2170 484 2225 Lauicana
498 2171 534 2224 ad
554 2171 650 2224 tanum
667 2170 775 2235 Quietis

32 2280 39 2295 .
76 2242 120 2293 Eo
141 2244 226 2295 missa
246 2242 373 2310 plaustra
392 2242 570 2311 iumentaque
586 2243 644 2295 alia
658 2243 692 2296 ab
707 2241 777 2292 urbe

30 2311 133 2374 fcitum,
147 2313 278 2366 affectum
288 2313 397 2381 proelio
408 2313 497 2365 aevia
506 2320 651 2375 nocturna,
662 2323 777 2375 excepe-

30 2380 128 2433 Paullo
139 2390 204 2447 post
213 2386 241 2435 in
251 2385 348 2436 urbem
356 2389 400 2436 est
409 2384 551 2452 ingressus
561 2381 665 2441 consul,
675 2394 730 2429 non
740 2377 776 2428 ab

30 2450 102 2518 tagis
113 2451 193 2504 enixe
207 2469 338 2506 amovens
355 2453 475 2520 eulpam,
498 2468 581 2519 quam
592 2446 776 2514 Tempanium

30 2523 78 2573 itis
90 2519 220 2574 laudibus
231 2523 332 2575 ferens.
359 2525 485 2575 Maestae
497 2521 607 2573 civitati
618 2519 653 2571 ab
664 2533 694 2568 re
704 2517 777 2568 male

30 2607 51 2641 za
66 2596 95 2641 et
108 2592 200 2643 iratae
212 2591 326 2645 ducibus
336 2593 376 2644 Μ.
387 2592 546 2643 Postumius
562 2605 625 2643 reue
642 2587 787 2643 obiectae,

29 2661 156 2780 trlipunus
170 2662 289 2716 militum
297 2677 349 2733 pro
360 2662 476 2715 consule
486 2652 800 2784 adiungasiueuamw

33 2767 39 2781 .
78 2746 111 2783 tu.
125 2733 227 2789 Tomi.
