1860 2978
69 107 208 162 [serv.
227 111 300 162 cn».
312 107 407 162 511.55.
431 109 751 179 [nesterone]
787 112 840 166 rso

40 219 74 269 ris
85 215 200 268 haberet
211 216 310 276 duces,
321 215 418 268 Patres
430 217 523 268 omnia
530 217 698 284 quaestoriis
704 219 836 283 comitiis,

39 288 80 338 rbi
101 295 247 352 utrumque
261 287 337 353 plebi
356 285 465 346 liceret,
486 287 590 337 similia
605 286 665 337 fore
683 294 836 348 cernentes,

40 356 148 409 :endere
167 357 202 405 ad
218 359 362 408 consulum
374 357 501 416 comitia,
525 372 594 422 quae
605 357 728 406 nondum
740 358 841 423 promi-

40 442 104 478 scua
125 431 225 477 essent.
262 426 334 476 Icilii
357 432 453 476 contra
468 427 594 476 tribunos
613 427 731 477 militum
749 443 843 478 crean-

40 497 87 549 dos
100 496 204 559 dicere,
227 502 255 549 et
265 495 378 547 taudem
393 496 543 564 aliquando
554 497 754 564 impartiendos
766 496 843 564 plebi

40 566 165 619 bonores.

88 634 150 688 LV.
170 633 224 687 Sed
237 635 314 687 nulla
325 641 386 688 erat
397 635 550 687 consularis
562 633 645 698 actio,
665 649 747 704 quam
758 635 845 702 impe·

40 704 140 759 diendo
151 704 196 768 id,
216 705 442 772 quodpotebant,
460 706 661 772 exprimerent3
680 720 764 772 quum
774 705 845 757 mira

40 775 263 844 opportunitate,
284 773 403 828 Volscos
420 782 449 827 et
463 777 573 842 Aequos
587 775 750 842 praedatum
768 781 847 827 extro

40 848 109 898 lines
121 845 212 898 exisse
230 846 258 896 in
274 861 371 913 agrum
383 845 514 897 Latinum
524 846 745 911 Hernicumque,
768 844 848 896 alfer-

40 926 93 970 tur.
130 914 172 966 ild
185 914 259 982 quod
270 916 375 967 bellum
391 916 440 966 ubi
455 931 489 967 ex
499 914 738 967 senatusconsulto
750 929 847 966 consu-

40 989 82 1040 les
102 983 241 1037 delectum
261 983 364 1038 habere
380 986 533 1053 occipiunt;
554 985 668 1036 obstare
683 990 750 1034 tuno
767 984 848 1035 enixe

39 1054 160 1118 tribuni,
180 1055 235 1107 sibi
246 1056 377 1123 plebique
387 1071 448 1108 eam
459 1055 601 1107 fortunam
612 1053 736 1106 oblatam
747 1067 849 1104 memo-

40 1130 144 1179 rantes.
180 1126 251 1178 'l'res
263 1132 350 1188 erant,
368 1133 396 1178 et
408 1141 503 1180 omues
515 1124 645 1177 acerrimi
657 1122 720 1185 viri,
734 1136 850 1190 genero·

40 1196 121 1262 sique
136 1193 201 1258 iarn,
213 1201 244 1247 ut
255 1197 330 1249 inter
340 1196 475 1263 plebeios.
510 1195 585 1257 Duo,
601 1193 705 1260 singuli
715 1190 848 1258 singulos,

40 1265 96 1318 sibi
116 1265 243 1316 eonsules
260 1266 444 1321 asservandus
459 1265 570 1317 assidua
587 1278 671 1331 opera
687 1261 848 1315 desumunt:

40 1334 90 1387 uni
101 1335 280 1386 concionibus
292 1337 361 1389 datu
370 1352 443 1389 nune
453 1335 615 1396 detinenda,
632 1349 705 1385 nune
723 1331 850 1385 concien-

40 1405 88 1467 da,
100 1402 188 1470 plebs
215 1404 275 1457 Neo
286 1406 424 1460 delectum
436 1406 571 1469 consules,
582 1420 633 1456 nec
644 1404 767 1467 comitia,
778 1416 849 1469 quae

40 1473 185 1544 petebant,
195 1474 303 1527 tribuni
313 1477 506 1544 expediebant.
541 1475 695 1527 inclinante
707 1472 807 1526 deinde
818 1487 849 1524 se

40 1547 158 1597 fortuna
169 1543 204 1595 ud
216 1560 327 1598 causam
338 1548 437 1615 plebis,
453 1546 542 1599 nuntii
551 1545 673 1608 veniunt,
683 1558 775 1596 arcem
786 1543 851 1594 Gar·

40 1619 201 1676 ventanam,
212 1614 327 1682 dilapsis
339 1617 517 1685 adpraedam
527 1614 725 1680 nissitibus,qui
734 1615 764 1664 in
773 1626 852 1679 prae·

40 1682 115 1737 sidio
127 1689 214 1746 erunt,
225 1684 355 1753 Aequos,‘
362 1686 518 1738 interfectis
528 1685 624 1751 paucis
637 1682 799 1734 custodibus
810 1696 852 1732 ar·

40 1755 98 1816 eis,
118 1751 267 1806 invasisse:
288 1755 360 1808 alios
372 1760 545 1807 recurrentes
555 1754 585 1802 in
597 1766 702 1813 arcem,
721 1750 794 1801 alios
804 1765 851 1816 pa·

40 1826 134 1878 lantes
144 1822 173 1873 in
183 1823 258 1892 agris
270 1839 375 1876 caesos.
411 1824 455 1874 Eu
469 1823 587 1873 adversa
603 1819 712 1870 civitati
722 1834 767 1870 res
777 1818 853 1870 vires

40 1892 209 1947 tribuniciae
224 1893 330 1945 actioni
346 1893 457 1944 adiecit.
493 1887 683 1956 Nequicquam
699 1888 771 1939 enim
793 1893 852 1938 ten·

40 1962 111 2024 tati,
133 1967 165 2013 ut
182 1968 242 2013 tum
257 1962 374 2029 denique
391 1960 559 2012 desisterent
575 1957 750 2025 impediendo
766 1956 851 2020 bello,

40 2036 191 2103 postquam
206 2046 262 2082 non
279 2046 388 2083 cessere
403 2046 454 2083 nee
464 2029 593 2097 publicae
603 2026 780 2095 tempestati,
800 2042 852 2080 nec

40 2117 110 2156 suae
120 2100 255 2163 invidiae,
275 2101 452 2166 pervincunt,
474 2105 506 2151 ut
520 2099 790 2151 senatusconsultum
802 2098 853 2150 fiat

40 2174 77 2225 de
89 2171 211 2222 tribunis
220 2171 341 2221 militum
354 2169 493 2222 creandis:
514 2174 591 2221 certo
600 2174 695 2222 tumen
706 2174 798 2238 paeto,
815 2184 851 2220 ne

40 2241 121 2295 cuius
132 2240 205 2290 ratio
216 2237 376 2302 haberetur,
391 2240 438 2306 qui
448 2255 481 2291 eo
492 2254 564 2291 anno
576 2239 701 2291 tribunus
711 2238 800 2308 plebis
810 2254 852 2289 es·

40 2317 99 2365 set:
123 2323 194 2359 neve
213 2310 274 2375 quis
286 2310 447 2361 reficeretur
456 2310 485 2360 in
496 2324 596 2361 annum
607 2311 735 2361 tribunus
746 2307 851 2375 plebis3

40 2376 117 2432 haud
129 2375 213 2427 dubie
223 2377 318 2429 Icilios
330 2379 481 2432 denotante
492 2385 599 2442 senatu,
615 2394 685 2446 quos
695 2375 852 2429 mercedem

41 2445 173 2502 seditiosi
182 2445 341 2498 tribunatus
351 2452 447 2515 petere
457 2449 632 2500 consulatum
643 2444 851 2498 insimulabant.

42 2519 116 2570 Tum
137 2514 265 2567 delectus
282 2515 393 2581 baberi,
409 2517 569 2584 bellumque
585 2517 708 2567 omnium
724 2513 851 2566 ordinum

45 2601 182 2638 consensu
193 2588 323 2652 apparari
333 2593 472 2654 coeptum.
496 2587 630 2638 consules
641 2586 722 2637 ambo
734 2582 862 2650 proiecti

45 2657 102 2709 siut
112 2655 147 2706 ad
159 2672 252 2709 arcem
264 2658 480 2723 Carventanam,
499 2672 538 2710 an
551 2656 626 2709 alter
638 2655 682 2706 ad
690 2647 879 2707 continuus.-

80 2727 114 2776 T.
126 2723 188 2780 [ιιι.
202 2728 272 2784 Ten.
287 2729 309 2786 J.
632 2726 662 2780 Ἥ
