1860 2978
58 54 212 109 iubemus
223 55 348 124 praefuit
357 58 433 109 urbi:
456 64 529 121 tres,
551 58 663 110 delectu
673 56 783 120 habito,
803 72 867 123 pro·

57 122 129 178 fecti
140 125 305 186 suntVeios,
316 124 541 193 documentoque
551 126 639 189 fuere,
651 127 865 193 quamplurium

56 194 208 261 imperium
232 192 308 245 bello
329 195 431 246 inutile
458 202 541 248 esset.
588 197 739 249 Tendendo
759 196 794 247 ad
816 211 866 247 sua

59 264 178 330 quiaque
190 263 315 324 consilia,
337 280 420 331 quum
429 266 506 316 aliud
517 266 566 317 alii
575 267 731 328 rideretur,
752 281 866 332 aperue-

59 338 128 384 runt
138 332 174 382 ud
186 332 360 384 occasionem
371 335 464 386 lucum
477 335 560 387 hosti.
597 337 736 388 incertam
747 351 866 400 namque

59 403 158 464 aciem,
179 401 287 469 signum
298 401 362 452 aliis
374 402 443 465 dari,
464 406 590 470 receptui
601 407 664 456 aliis
676 405 737 456 eani
746 405 867 456 iubenti-

57 471 122 535 bus,
134 472 262 524 inrasere
274 477 429 538 opportune
440 472 587 526 Veientes:
606 481 699 525 castra
709 475 865 539 propinqua

58 541 326 609 turbatosaeterga
336 541 434 595 dantes
444 559 585 613 accepere.
609 543 676 597 Plus
687 543 781 609 itaque
790 543 867 609 igne-

57 612 174 674 midiae,
195 626 277 678 quam
288 612 445 672 eludia-est
455 619 608 680 aceeptum.
643 613 756 666 Maesta
769 612 867 664 civitas

58 680 126 745 fuit,
141 681 217 733 vinei
225 682 348 734 insueta:
368 683 737 751 odiesetribuuoe,pueeere
747 682 867 735 dictato·

59 766 129 815 rem,
148 750 179 803 in
190 766 224 805 eu
234 752 308 805 verti
317 767 380 820 spe:
391 754 523 807 civitatis.
558 755 597 809 Et
607 768 692 822 quum
702 753 745 805 ibi
757 766 867 820 quoque

59 820 164 889 religio
179 820 318 886 obstaret,
338 839 373 877 ne
387 839 443 879 non
457 832 553 892 puniet
566 825 624 879 nisi
636 825 671 877 ab
686 824 800 877 consule
810 821 868 874 diei

60 890 195 950 dictatur,
216 907 336 961 augures
348 895 469 948 consulti
481 911 542 950 earu
552 894 718 965 religionem
729 908 866 947 exemere.

59 962 93 1013 Α.
108 961 254 1015 cornelius
274 962 441 1019 dictatorem
460 967 546 1019 Mam.
566 965 715 1021 Aemilium
733 964 817 1017 dixit:
838 969 868 1015 et

59 1031 122 1098 ipre
131 1030 167 1081 ab
178 1045 212 1083 eu
223 1030 358 1099 magister
368 1037 491 1103 equitum
502 1042 545 1090 est
556 1036 657 1089 dictus.
684 1034 772 1097 Adeo,
783 1030 868 1086 simul

60 1098 179 1153 fortuna
197 1100 321 1155 civitati:
340 1105 444 1158 virtute
459 1122 526 1159 vera
543 1108 634 1174 eguit,
654 1102 725 1156 nihil
740 1102 868 1157 centuria

59 1169 266 1245 animadversio
282 1172 390 1237 effecit,
410 1189 467 1243 que
481 1176 571 1227 minue
585 1176 712 1256 regimen
727 1188 822 1225 rerum
833 1185 869 1223 ex

60 1246 160 1293 noune
170 1240 285 1310 indigne
296 1243 380 1295 dome
392 1248 545 1312 peteretur.
578 1244 719 1305 Veientes,
729 1258 761 1294 re
772 1255 869 1293 secun-

63 1310 101 1361 de
111 1310 190 1374 elati,
210 1312 302 1365 missis
314 1313 417 1365 circum
427 1314 560 1365 Etruriae
570 1312 691 1379 populus
701 1311 813 1377 legatis,
829 1309 869 1359 ia-

60 1379 164 1433 etandu
179 1386 239 1433 tree
255 1381 341 1433 duces
350 1382 493 1434 Romanor
504 1382 538 1434 ab
555 1397 585 1435 ee
596 1396 651 1433 une
662 1379 770 1447 proelio
781 1378 869 1440 fusos,

60 1463 147 1517 quum
162 1454 257 1503 tamen
271 1451 378 1503 nullam
389 1451 497 1519 publiei
508 1450 619 1505 consilii
634 1449 801 1503 societatem
811 1461 870 1500 me·

59 1518 179 1584 timent,
198 1521 375 1573 voluntarios
390 1522 513 1590 undique
527 1522 563 1573 ad
580 1537 658 1591 spem
667 1519 788 1589 praedae
799 1517 869 1571 anei·

60 1595 170 1643 verunt.
206 1590 261 1642 Uni
269 1590 448 1645 Fidenatium
464 1592 569 1661 popule
584 1592 724 1646 rebellare
745 1589 868 1659 placuit:

59 1663 99 1722 et,
109 1664 245 1725 tanquam
254 1661 311 1712 nini
320 1662 355 1715 ab
366 1662 472 1717 scelere
480 1662 588 1715 bellum
598 1663 689 1717 ordiri
698 1661 779 1715 nefa:
785 1665 869 1721 esset,

58 1728 136 1781 sieut
145 1727 305 1795 legatorum
316 1738 412 1796 antea,
431 1733 543 1786 itatum
557 1749 694 1787 novorum
704 1732 870 1785 colonorum

60 1797 151 1849 euede
170 1796 283 1852 imbutis
304 1803 403 1866 armis,
422 1802 588 1857 Veientibus
609 1820 671 1857 eene
691 1800 872 1863 coniungunt.

59 1866 232 1919 consultare
242 1869 307 1923 inde
319 1872 583 1940 principeeduerum
591 1871 772 1943 populorum,
781 1865 871 1919 Veios

59 1951 98 1989 an
107 1936 231 1988 Fidenae
242 1938 336 1991 eedem
347 1942 418 1995 belli
427 1950 568 2012 caperent.
597 1943 724 1995 Fidenae
734 1937 812 1989 virae
825 1948 873 2001 op·

59 2006 252 2074 portuniuree.
288 2008 403 2079 ltaque,
423 2014 544 2067 traiectu
555 2012 662 2073 Tiberi,
682 2005 817 2061 Veienter
826 2002 873 2057 Fi·

58 2074 148 2129 deuae
165 2077 374 2133 transtulerunt
387 2082 497 2137 bellum
539 2082 653 2135 Rumae
663 2084 766 2133 temer
780 2075 876 2138 rugen
