1898 3292
55 127 108 181 414
203 129 237 179 T.
256 123 364 177 LlVll
385 122 430 189 [U.
442 124 545 179 (1.538.
556 123 592 176 Α.
606 127 642 177 C.
654 126 739 196 564]

57 234 241 303 magistr-utut
263 238 405 284 creentur:
425 244 474 281 nee
496 229 680 282 eerrtnrintis
705 252 761 287 nee
779 229 863 288 curiali

59 304 178 358 emuniit
190 302 288 354 Patren
304 308 429 351 auctorat
466 306 524 349 ant·
563 298 691 354 Sentius
713 314 744 356 et
760 299 866 359 Liciniu.

60 385 192 441 tunquam
207 370 338 423 Rarrtalut
361 385 394 420 ae
439 368 528 431 atina,
551 366 581 420 t’n
609 372 684 423 urbe
701 372 832 427 Botriana
843 386 867 423 n

57 454 157 514 guent,
178 441 242 509 quia
251 439 383 509 perteniat
395 437 512 502 alienat,
535 437 604 505 qnia
618 457 716 510 αἶνος
729 446 804 497 ,10120
815 442 868 495 dau.

65 513 158 565 Tanta
168 512 283 563 dulcedo
295 520 335 562 ert
347 527 380 561 ex
391 508 487 560 alienia
496 508 631 581 fortunia
641 512 870 577 praedandum

61 584 90 635 in
103 590 217 633 mentem
229 580 407 642 aenit‚nltera
419 581 477 659 lege
488 577 871 653 talitrtdinereaetatinagu't

55 651 123 725 fieri
132 651 253 719 pellenda
261 649 367 719 finibus
379 650 513 701 doetrinae:
534 650 631 701 altera
636 650 739 718 fidem
752 647 873 723 abrogari,

62 737 122 773 curn
140 737 194 789 qua
212 718 299 772 orrrnit
314 718 434 771 taurana
454 716 572 769 societas
586 719 723 773 tollitur.
764 722 874 776 Omnia·

62 808 153 843 rerum
169 806 252 843 carita
267 788 340 839 eolis
354 786 541 855 antiquandas
559 803 659 841 censeo
677 789 873 863 interrogati*

63 876 118 915 net.
158 859 237 923 Quod
250 858 367 930 fanilla,
380 858 444 909 deae
455 856 535 909 aelim
545 858 718 929 fortunare.

116 929 203 981 Xinl.
221 927 320 978 Oratio
331 926 414 992 Appii
424 927 459 976 ad
470 926 499 976 id
511 926 594 977 modo
607 928 723 993 valuit,
737 938 772 983 ut
782 938 876 997 nmpu

64 999 242 1065 rogationum
257 995 438 1047 iubendarum
453 994 642 1061 proferretur.
681 998 802 1052 lleseeti
817 997 875 1053 deti·

64 1084 140 1121 nrum
149 1067 236 1119 iidem
246 1065 360 1127 tribuni,
375 1064 487 1116 Sextius
497 1070 527 1116 et
536 1064 677 1130 Licinius,
701 1069 741 1121 de
752 1068 875 1123 deeemri-

63 1139 106 1190 rie
119 1151 263 1190 sacrorum
280 1151 315 1188 ex
329 1140 409 1202 parte
426 1133 460 1186 de
475 1134 557 1200 plebe
572 1136 710 1189 creandis
721 1139 816 1205 legem
826 1152 875 1206 per-

64 1208 165 1260 tulere.
185 1206 280 1258 Creati
289 1204 410 1273 quinque
421 1203 545 1265 Petrum,
557 1205 683 1273 quinque
693 1208 805 1273 plebis:
821 1222 875 1275 gre·

65 1277 158 1343 ‹luque
178 1291 211 1328 eo
231 1276 289 1326 iam
307 1274 356 1325 ria
373 1272 450 1325 laeta
469 1272 505 1324 ad
521 1274 704 1327 consulatum
725 1278 874 1329 ridebatur.

64 1348 128 1398 liae
138 1344 259 1398 victoria
269 1348 402 1396 contenta
410 1344 506 1410 plebea
522 1344 608 1394 cessit
616 1343 770 1409 Patribus,
790 1353 833 1409 ut,
851 1346 875 1397 in

64 1416 226 1482 praesentia
236 1413 380 1467 consulum
396 1412 536 1465 mentione
551 1413 675 1478 omissa,
695 1416 799 1466 tribuni
809 1415 875 1465 mili·

64 1492 124 1535 tum
134 1490 303 1536 crearentur.
341 1483 435 1535 creati
445 1484 477 1534 Α.
489 1487 517 1533 et
527 1481 566 1532 Μ.
579 1484 706 1537 cornelii
715 1486 822 1544 iterum,
832 1482 872 1534 ill.

65 1553 216 1619 Geganius,
236 1552 267 1602 P.
278 1552 411 1612 Manlius,
428 1551 461 1602 L.
472 1550 617 1613 Veturius,
633 1553 667 1606 P.
678 1552 804 1604 Valerius
814 1565 872 1603 sex-

65 1628 133 1672 tum.
170 1621 261 1683 Quum
277 1626 388 1686 praeter
399 1619 572 1672 Velitrarum
590 1622 783 1685 obsidionem,
803 1618 874 1673 tartli

65 1691 155 1758 tnagis
167 1706 226 1743 rem
238 1691 336 1753 exitus,
357 1706 440 1758 quam
452 1691 543 1758 dubii,
562 1692 680 1758 quietae
693 1702 823 1745 externae
834 1706 873 1743 res

67 1761 201 1813 Romania
221 1766 325 1824 essent3
348 1758 424 1813 famu
443 1776 542 1827 repens
563 1761 634 1812 belli
654 1763 765 1814 Gallici
786 1763 875 1822 allata,

67 1833 191 1900 perpulit
210 1832 368 1893 civitatem,
388 1836 420 1880 ut
433 1831 472 1881 M.
490 1830 592 1881 Furius
609 1831 737 1883 dictator
757 1833 874 1900 quintum

68 1902 216 1955 diceretur.
234 1902 261 1953 Is
273 1903 307 1952 T.
319 1901 479 1963 Quinctium
492 1899 614 1951 l‘ennum
627 1902 798 1969 irrugistrum
811 1899 874 1967 equi·

68 1979 127 2022 tum
138 1971 219 2024 dixit.
254 1971 394 2024 Bellatum
405 1986 465 2021 eum
478 1970 569 2020 Gallis
581 1986 615 2021 eo
627 1986 703 2021 anno
718 1974 796 2023 eirea
805 1970 876 2022 Anie-

68 2056 130 2091 nem
150 2040 265 2104 llumen,
287 2048 385 2092 auctor
406 2048 448 2092 est
469 2040 616 2104 Claudium
637 2041 833 2109 inclutamque
853 2040 877 2088 in

68 2116 153 2176 ponte
174 2125 308 2177 pugnam,
328 2127 383 2178 qua
399 2113 431 2162 Τ.
450 2111 571 2160 Manlius
595 2110 728 2173 Gallum,
751 2128 813 2162 eum
830 2122 876 2175 que

68 2186 235 2247 provocatus
253 2196 352 2231 manus
371 2181 524 2242 conseruit,
544 2180 575 2231 in
590 2189 749 2246 conspeetu
767 2182 877 2231 duorum

68 2248 240 2301 exercituum
252 2265 362 2299 eaesum
374 2258 473 2318 terque
485 2250 626 2315 spoliarit,
646 2258 707 2300 tum
721 2259 876 2319 pugnatam.

69 2319 198 2371 Pluribus
208 2319 370 2370 auctoribus
382 2322 469 2386 iringis
481 2320 619 2381 adducor,
639 2328 671 2369 nt
684 2321 818 2381 credam,
839 2317 877 2366 de·

68 2406 126 2440 eenr
139 2388 212 2442 haud
222 2389 312 2440 minus
323 2396 386 2456 post
397 2405 484 2440 annes
496 2405 529 2440 ea
540 2396 616 2441 aeta:
633 2387 687 2440 hee
702 2398 800 2442 autem
813 2402 877 2440 ttnnu

66 2459 93 2508 iu
104 2462 211 2514 Albano
226 2476 293 2528 agre
306 2476 367 2510 eum
378 2460 478 2522 Gallis,
489 2460 626 2511 ‹lietntore
637 2459 677 2511 Μ.
690 2460 793 2523 Fur-ie,
805 2460 878 2525 signa

69 2529 182 2581 collata.
218 2532 277 2582 Nee
297 2531 394 2592 (lubia,
414 2545 464 2580 nec
486 2530 610 2581 difficilis
626 2529 769 2581 Romanis
786 2536 877 2597 (quan-

66 2611 148 2660 quam
169 2602 308 2666 ingentem
324 2601 402 2651 Galli
423 2607 560 2652 terrorem
583 2602 726 2652 memoria
749 2601 878 2668 pristinae

66 2668 153 2722 cladis
166 2670 328 2734 attulerant)
341 2670 462 2722 victoria
472 2670 534 2722 luit.
571 2670 666 2722 Multa
678 2671 775 2725 millia
784 2669 876 2725 barba·
