1860 2978
247 116 282 169 T.
299 113 411 170 lerl
430 113 775 204 Praesumo*
849 113 866 167 5

61 222 258 293 migraverint:
279 236 331 274 neo
344 222 395 274 ubi
407 226 504 274 tantus
519 238 553 275 ac
566 228 625 275 tam
640 220 689 273 diu
710 220 867 288 paupertati

59 308 93 347 ao
105 291 296 361 parsimoniae
316 290 404 343 honos
422 290 522 344 fuerit:
544 292 628 356 adeo,
648 296 753 359 quanto
774 305 867 341 rerum

58 362 159 425 mhus,
173 362 356 415 tantominus
367 361 528 429 cupiditatis
539 368 609 415 erat.
644 362 740 429 Nuper
752 360 868 411 divitiae

58 431 223 494 aramtiam,
243 437 272 484 et
281 431 455 484 abundantes
465 432 626 499 voluptates
637 431 807 485 desiderium
818 443 868 496 per

58 502 158 555 luxum
173 506 258 568 atque
274 500 418 554 libidinem
431 501 565 569 pereundi
574 501 763 569 perdendique
775 501 869 551 omnia

58 572 201 625 invexere.
237 569 293 622 Sed
310 572 451 638 querelae,
472 587 507 624 ne
523 578 583 622 turn
595 572 707 639 quidem
718 578 816 639 gratae
826 568 869 620 fu·

59 648 155 703 turae,
176 655 262 707 quum
271 638 392 692 forsitan
403 646 431 694 et
440 642 615 695 necessariae
626 646 721 703 erunt,
741 640 776 691 ab
787 638 868 689 initio

10 707 12 719 '
60 716 137 765 serto
148 715 247 763 tantae
256 710 405 765 ordiendae
415 712 456 763 rei
467 711 566 763 absint.
603 712 672 762 curn
682 710 765 760 bonis
774 708 869 776 potius

60 779 201 831 ominibus
210 781 341 845 votisque
353 796 387 832 ao
396 781 603 847 precationibus
618 780 733 832 deorum
745 778 871 829 dearum-

60 864 124 916 qne,
133 849 170 913 si,
192 850 335 915 utpoetis,
354 851 436 902 nobis
449 866 557 918 quoque
568 864 628 901 mos
639 853 721 912 esset,
737 847 870 899 libentius

59 918 262 1041 ineipdqrremtqs,
279 924 313 971 ut
327 920 400 973 orsis
416 921 489 974 tanti
501 920 594 989 operis
605 934 748 973 successus
758 930 871 985 prospe·

60 1002 111 1042 ros
173 1004 209 1042 en

151 1256 784 1335 r.L1vl1PArAer1

332 1396 437 1456 crs
461 1395 603 1456 aas

60 1512 129 1601 lam
139 1548 262 1615 primum
273 1546 396 1600 omnium
407 1550 477 1602 satis
489 1554 611 1611 constat,
630 1547 719 1599 Troia
730 1550 820 1612 capta,
841 1544 870 1595 in

62 1622 173 1671 ceteros
184 1617 323 1670 saevitum
333 1634 394 1672 esse
404 1621 557 1683 Troianos3
579 1618 698 1679 duobus,
713 1617 807 1667 Aenea
817 1614 871 1664 An·

60 1693 226 1753 tenoreque,
241 1694 270 1741 et
279 1689 385 1741 uetusti
394 1689 455 1741 iure
466 1688 591 1756 hospitii,
611 1693 639 1740 et
649 1688 713 1754 quia
721 1684 798 1752 pacis
808 1680 870 1733 red·

61 1756 227 1823 deudaeque
236 1757 362 1811 Helenae
376 1774 484 1825 semper
501 1765 630 1810 auctores
640 1757 766 1816 fuerant,
787 1766 870 1805 omne

59 1826 106 1879 ius
114 1825 186 1879 belli
195 1824 314 1880 Achivos
330 1828 506 1880 abstinuisse.
543 1828 660 1879 Casibus
674 1824 773 1876 deinde
784 1821 869 1873 variis

59 1898 230 1949 Antenorem
241 1912 303 1945 cnm
312 1897 491 1947 nmltitudin'e
501 1897 650 1957 llenetum,
663 1892 719 1959 qui,
730 1891 869 1943 seditione

60 1978 96 2019 ex
105 1962 300 2031 Paphlagonia
309 1964 393 2031 pulsi,
404 1970 433 2014 et
442 1964 523 2016 sedes
535 1968 564 2014 et
575 1963 683 2022 ducem,
693 1974 760 2025 rege
769 1960 869 2026 Pylae·

58 2050 141 2089 mene
151 2033 187 2085 ad
198 2034 311 2085 Troiam
323 2034 433 2096 ausimo,
454 2033 632 2099 quaerebant,
649 2028 757 2082 venisse
766 2029 796 2080 in
806 2028 870 2080 inti-

57 2118 137 2157 mum
146 2103 231 2156 maris
242 2104 402 2155 Hadriatici
413 2104 516 2153 sinum:
528 2101 730 2169 Euganeisque,
741 2101 788 2168 qui
797 2099 871 2151 inter

57 2187 139 2227 mare
149 2172 289 2241 Alpesque
298 2174 468 2235 incolebant,
479 2173 575 2239 pulsis,
586 2173 712 2224 llenetos
719 2172 870 2223 Troianos·

58 2258 114 2313 que
128 2258 178 2296 eas
192 2243 315 2295 tenuisse
329 2248 433 2293 terras:
454 2244 522 2294 etin
538 2258 618 2310 quem
633 2241 750 2309 primum
763 2239 870 2308 egressi

58 2318 126 2366 sunt
139 2313 248 2375 locum,
270 2311 358 2364 'l'r0ia
371 2320 500 2375 uocatur,
521 2326 649 2381 pagoque
667 2310 732 2363 inde
743 2311 868 2363 Troiano

56 2396 161 2435 nomen
172 2388 228 2434 est:
249 2395 316 2448 gens
326 2383 455 2434 universa
465 2380 566 2434 Veneti
578 2381 719 2449 appellati.
747 2383 867 2438 Aenean,

57 2452 95 2505 ab
107 2452 194 2503 simili
205 2450 287 2503 clade
299 2451 381 2503 domo
391 2451 550 2519 profugum,
558 2453 607 2504 sed
615 2451 650 2501 ad
660 2450 868 2500 maiorerernm

56 2521 144 2574 initia
153 2520 318 2572 ducentibus
330 2521 411 2584 latis,
433 2522 522 2589 primo
534 2524 563 2574 in
573 2520 767 2574 Macedoniam
778 2520 868 2571 uenis·

59 2606 105 2644 se:
125 2589 193 2641 indo
206 2589 238 2640 in
247 2586 370 2643 Siciliam
386 2598 564 2658 quaerentem
580 2590 661 2643 sedes
673 2587 810 2640 delatum:
833 2589 867 2641 ab

60 2658 161 2716 Sicilia
170 2659 262 2715 classe
277 2661 313 2713 ad
323 2662 493 2719 Laurentem
509 2657 889 2736 emoniensem-,Ardae
