1860 2978
109 109 182 160 nm.
196 106 231 160 v.
254 108 437 163 emino.
455 109 499 177 [u.
513 110 773 178 euenum]
811 111 861 165 sss

60 208 211 264 ascendens
223 208 319 275 hostis,
330 212 423 265 citati:
444 220 473 266 et
484 230 566 281 quum
578 215 607 265 in
619 230 714 266 omnes
726 230 801 266 more
813 217 863 266 mi·

58 281 138 334 litari
155 297 184 332 so
204 281 461 334 animadversurum
473 283 505 344 Q.
517 282 657 350 Sulpicius
672 285 797 335 tribunus
812 286 862 335 mi-

59 351 142 402 litum
153 352 374 416 pronuntiasset3
395 354 583 405 consentiente
603 355 724 405 elamore
736 355 863 416 militum,

59 421 91 471 in
106 436 189 469 unum
205 420 320 487 vigilem
337 423 545 474 coniicientium
563 425 684 488 eulpam,
705 424 864 484 deterritus,

60 505 80 541 a
93 490 195 541 ceteris
210 491 357 543 abstinuit:
377 509 454 545 reum
473 492 547 544 haud
563 494 676 543 dubium
691 495 749 546 eius
765 509 862 554 noxae,

60 560 278 626 approbantibus
289 563 408 625 cunctis,
432 562 466 615 (le
477 578 546 614 saxo
557 562 666 614 deiecit.
701 563 767 614 lndo
778 564 864 613 inten-

59 628 150 680 tiores
161 628 299 698 utrimque
310 632 451 685 custodiae
463 648 538 698 esse3
558 638 587 685 et
597 632 669 700 apud
681 633 788 696 Gallos,
799 632 865 699 quio

59 697 207 767 vulgatum
217 707 290 764 erat,
309 702 381 753 inter
389 701 476 755 Veios
487 703 658 769 Romamque
669 703 779 753 nuntios
791 716 863 753 com-

59 782 171 849 meare3
189 774 219 821 et
233 770 308 837 apud
318 771 471 836 Romanos,
492 773 527 825 ab
544 772 672 825 nocturni
682 772 800 838 periculi
810 787 865 822 me·

59 852 161 890 moria.

114 904 239 961 XLVIII.
258 905 314 961 Sed
330 916 395 964 ante
411 911 504 964 omnia
513 910 665 964 obsidionis
675 910 798 977 bellique
808 924 865 961 nia·

58 976 91 1031 la
100 974 191 1029 fames
205 982 351 1047 utrumque
362 981 513 1034 exercitum
522 982 654 1049 urgebat:
675 979 772 1031 Gallos
784 980 866 1046 pesti·

58 1045 149 1099 lentio
159 1047 253 1111 etiam,
270 1064 353 1115 quum
362 1050 426 1102 loco
436 1052 544 1103 iacente
555 1053 628 1103 inter
638 1048 761 1101 tumulos
773 1053 866 1100 castra

58 1113 207 1179 habentes,
228 1122 287 1169 tum
300 1119 334 1170 ab
348 1119 485 1173 incendiis
495 1120 603 1172 torrido
614 1124 642 1170 et
651 1117 763 1184 vaporis
773 1117 866 1184 pleno,

59 1185 245 1253 cineremque,
256 1202 312 1238 non
322 1188 462 1253 pulverem
473 1190 568 1252 modo,
578 1188 694 1250 ferente,
706 1202 788 1254 quum
801 1186 865 1254 quid

57 1255 138 1308 venti
154 1263 259 1307 motum
278 1263 364 1309 esset:
387 1274 501 1325 quorum
520 1257 772 1311 intolerantissima
788 1272 865 1324 gens,

58 1324 225 1393 humerique
236 1341 270 1377 ac
279 1325 379 1393 frigori
391 1335 514 1393 assueta,
537 1345 619 1398 quum
632 1334 710 1380 aestu
721 1332 750 1380 et
761 1342 865 1395 angore

59 1400 177 1458 vexata,
198 1395 320 1464 vulgatis
339 1399 416 1449 velut
435 1399 465 1450 in
478 1415 566 1466 pecua
581 1400 687 1451 morbis
702 1404 867 1457 moreretur,

59 1464 118 1517 iam
129 1464 245 1532 pigritia
255 1467 380 1534 singulos
391 1469 544 1536 sepeliendi
555 1469 710 1537 promiscue
721 1473 866 1521 acervatos

61 1534 189 1588 cumulos
203 1535 344 1589 hominum
360 1541 492 1592 urebant:
514 1541 714 1607 bustorumque
725 1538 790 1591 inde
800 1535 866 1589 Gal·

59 1604 181 1656 lieorum
200 1608 312 1658 nomine
331 1608 468 1676 insignem
487 1610 579 1662 locum
600 1609 701 1661 fecere.
736 1607 867 1660 lntlutiae

62 1673 163 1725 deinde
180 1690 242 1727 eum
254 1677 387 1729 Romanis
403 1679 509 1741 factae,
531 1686 560 1731 et
575 1677 715 1743 colloquia
730 1676 866 1744 permissu

59 1743 261 1811 imperatorum
272 1744 380 1798 habita:
391 1746 421 1797 in
432 1748 531 1813 quibus
543 1762 624 1814 quum
630 1745 782 1797 identidem
789 1743 867 1795 Galli

61 1810 167 1865 famem
182 1813 348 1878 obiicerem,
369 1832 458 1882 eaque
472 1817 638 1867 necessitate
649 1813 685 1863 ad
695 1813 865 1865 deditionem

61 1889 207 1947 vocarent,
233 1884 334 1936 dicitur
355 1884 522 1937 avertendae
543 1885 603 1935 eius
624 1881 762 1948 opinionis
783 1894 866 1931 causa

61 1952 159 2003 multis
173 1953 245 2005 locis
262 1955 341 2020 panis
356 1953 391 2005 de
407 1953 547 2020 Capitolio
563 1953 683 2003 iactatus
700 1967 760 2004 esse
774 1950 804 2001 in
818 1948 865 1999 ho·

61 2021 147 2073 stium
158 2023 306 2075 stationes.
342 2021 397 2073 Sed
407 2020 463 2075 iam
475 2037 563 2091 nequo
574 2021 759 2083 dissimulari,
777 2033 865 2086 nequo

61 2090 132 2143 ferri
141 2091 313 2143 ultrafames
323 2097 445 2158 poterat.
482 2093 592 2160 ltaque,
612 2091 677 2143 dum
689 2091 810 2143 dictator
821 2089 866 2140 de·

62 2159 167 2212 lectum
178 2175 229 2227 per
239 2176 270 2212 se
280 2161 388 2214 Ardeae
403 2160 501 2227 habet,
521 2163 683 2229 magistrum
700 2161 821 2230 equitum
831 2158 865 2209 L.

61 2226 208 2281 Valerium
223 2227 328 2281 sVeiis
347 2231 484 2285 abducere
498 2233 651 2285 exercitum
665 2231 754 2294 iubet,
774 2234 865 2297 parat,

62 2296 241 2365 instruitque,
253 2300 353 2366 quibus
363 2299 437 2353 baud
445 2302 536 2369 impar
545 2302 689 2355 adoriatur
699 2301 808 2353 hostes:
827 2297 866 2346 in·

13 2374 17 2379 '
63 2365 147 2418 terim
162 2366 336 2433 Capitolinus
351 2373 501 2437 exercitus,
522 2372 691 2425 stationibus
705 2368 865 2436 vigiliisque

62 2436 162 2497 fessus,
168 2439 307 2502 superatis
317 2445 410 2493 tamen
421 2440 548 2493 humanis
555 2438 866 2501 omnibusmalis,quum

62 2505 167 2557 famem
181 2520 264 2556 unam
279 2514 381 2562 natura
397 2511 468 2563 vinei
483 2527 538 2564 non
547 2513 665 2573 sineret,
685 2509 758 2560 diem
776 2503 866 2557 dedic

57 2581 260 2644 prospectans,
281 2579 388 2646 ecquod
404 2582 538 2633 auxilium
553 2581 588 2632 ab
604 2580 741 2630 dictatore
752 2589 866 2642 appere-

50 2650 121 2708 1et3
141 2651 283 2711 postremo
294 2664 344 2716 spe
355 2665 461 2720 quoque
472 2652 540 2716 iam,
558 2664 616 2702 non
625 2648 726 2699 solum
732 2646 818 2701 ebbo,
832 2640 884 2686 δὲ·

96 2713 319 2773 T.L1v.To.u.l.
650 2718 680 2769 'b
