1860 2978
50 189 56 201 ·
100 116 185 169 arn.
199 115 221 167 1.
241 112 416 168 caeam.
435 113 720 184 [comnena]
782 112 815 165 ra

14 228 94 284 mant,
106 227 170 272 tum
180 234 217 271 ex
229 220 388 285 composito
399 224 462 271 orta
471 219 527 269 ris:
549 218 684 285 signoque
695 219 763 270 dato
775 218 816 268 iu·

15 298 104 345 tentus
115 290 244 341 Romana
254 288 289 339 ad
301 290 447 354 rapiendas
457 289 579 356 virgines
591 288 732 340 discurrit.
756 289 816 339 lila-

13 377 60 429 gna
70 376 137 427 pars
148 358 235 422 forte,
245 364 278 409 ut
287 359 316 409 in
323 374 402 424 quem
411 373 537 426 quaeque
548 359 692 419 inciderat,
702 365 816 424 raptae;

14 427 144 499 quasdam
160 428 253 479 forma
271 429 437 491 excellente,
457 430 627 495 primoribus
641 429 756 479 Petrum
770 428 816 480 de·

13 502 138 561 stinatas,
159 514 194 551 ex
204 499 287 566 plebe
297 497 430 560 homines,
452 499 551 565 quibus
562 498 658 548 datum
671 498 815 565 negotium

13 576 77 632 stat,
87 569 189 621 domos
199 568 372 619 deferebant.
399 569 496 629 Unam,
507 566 589 633 louge
601 575 665 618 ante
676 569 747 619 alias
757 583 817 634 spe·

13 640 50 693 tie
59 654 94 691 se
109 635 321 705 pulchritudine
335 639 485 704 insignem,
508 653 525 688 a
539 639 625 705 globo
637 638 761 688 'l'alassii
772 652 817 687 cu-

11 709 120 761 iusdam
143 714 257 774 raptam
284 707 390 772 lerunt3
422 708 575 775 multisque
601 707 817 767 sciscitantibus,

12 780 121 831 cuinam
132 792 196 830 eam
208 777 320 840 ferrent,
335 777 497 839 identidem,
508 794 542 829 ne
553 778 614 845 quis
623 778 752 839 uiolaret,
763 778 817 827 Τα-

11 849 96 901 lusio
113 846 184 899 ferri
201 847 386 898 clamitatum:
418 847 483 898 iudo
502 848 654 913 nuptialem
680 846 751 900 hanc
771 863 818 899 ro-

11 916 202 973 contactam.
238 918 365 969 Turbato
385 933 435 983 per
451 924 556 967 metum
579 918 696 979 ludicro,
716 916 816 968 maesti

11 994 143 1057 parentes
152 987 292 1053 virginum
302 987 476 1055 profugiunt,
490 988 650 1037 incusantes
660 988 762 1038 riulati
771 984 819 1037 bo-

11 1058 89 1127 spitii
100 1056 210 1119 foedus,
221 1056 357 1124 deumque
369 1058 539 1117 irrorantes,
555 1057 635 1105 errius
646 1056 682 1105 ad
694 1057 819 1106 sollenne.

11 1128 164 1195 ludosque,
183 1125 287 1193 perias
298 1143 330 1178 uc
342 1126 424 1177 iidem
437 1125 560 1191 decepti,
575 1125 724 1175 venissent.
761 1125 819 1176 Nee

10 1199 100 1267 raptis
115 1204 166 1249 aut
181 1211 244 1262 spes
257 1197 291 1248 de
302 1213 331 1248 se
347 1196 463 1256 melior,
484 1200 533 1245 aut
547 1193 705 1260 indignatio
717 1201 760 1246 est
770 1194 820 1245 mi·

10 1284 75 1321 aar:
93 1266 146 1319 sed
161 1267 222 1334 ipse
233 1267 367 1317 Romulus
379 1265 552 1326 circumibat,
566 1264 751 1332 docebatque:
768 1281 819 1335 pa·

11 1348 84 1392 m
94 1336 262 1403 idaspertta
271 1338 391 1411 suetum,
413 1336 460 1403 qui
469 1335 629 1388 certantium
636 1335 766 1407 finitimis
777 1354 820 1389 ae·

11 1414 136 1479 pssunt.-
153 1406 216 1458 illos
227 1416 315 1459 tamen
328 1407 358 1459 in
375 1405 556 1467 orretrimoaio,
577 1406 606 1457 in
618 1407 747 1461 societate
757 1410 819 1480 for-

12 1488 142 1532 tunarum
154 1476 465 1543 emolumentumque,
481 1487 516 1537 et,
530 1493 581 1542 quo
591 1476 660 1529 nillil
669 1477 760 1531 cariata
772 1477 821 1529 lta-

13 1545 196 1630 alumgeneri
205 1547 256 1610 tit,
278 1547 389 1599 liberam
421 1565 474 1599 ore.
510 1544 820 1606 lllollireatmodoirus,·

14 1626 45 1682 tt,
54 1617 225 1701 paatutsors
234 1633 349 1684 corpora
361 1620 392 1669 de
409 1618 484 1681 isset,
494 1618 592 1668 darent
603 1616 713 1669 eniteret.
733 1617 820 1685 Saepe

15 1684 160 1741 extaiuria
172 1688 341 1755 postrnodma
353 1687 478 1757 gratiam
489 1695 593 1738 arturo:
614 1703 695 1754 eoque
705 1688 821 1739 meliori·

15 1756 59 1812 lut
69 1772 170 1810 utum
181 1756 258 1821 viris,
268 1759 339 1825 quod
348 1758 493 1810 caniturus
501 1774 553 1824 pro
564 1773 591 1810 se
601 1758 713 1824 petisque
723 1757 768 1819 tit,
777 1766 821 1821 at,

15 1844 93 1897 μω
101 1844 179 1881 suam
189 1827 272 1879 vicem
282 1828 400 1899 sanetus
411 1826 503 1893 officio
513 1828 561 1888 tit,
577 1836 724 1893 parentam
739 1828 821 1879 etium

15 1896 174 1966 patriaeque
190 1900 299 1964 expleat
320 1898 489 1949 desiderium.
526 1895 700 1945 Accedebant
713 1895 822 1945 blandi·

16 1970 69 2021 tiae
84 1966 225 2029 virorum,
246 1965 351 2019 laetum
370 1965 549 2034 purgantium
564 1962 721 2029 cupiditate
737 1968 821 2031 atque

17 2052 121 2091 nmore=
140 2050 213 2103 quae
229 2038 350 2089 maxime
365 2036 402 2087 ad
416 2035 553 2087 muliebre
573 2034 716 2101 ingenium
731 2032 821 2089 alliea-

17 2112 253 2175 tesprecessunt.

63 2178 101 2229 X.
120 2176 181 2229 lam
193 2173 343 2229 admodum
353 2174 481 2242 mitigati
489 2174 575 2227 animi
583 2174 672 2241 raptis
684 2180 775 2228 erant:
791 2181 822 2226 at

17 2254 159 2315 raptarum
170 2253 301 2314 parentes
316 2254 376 2299 turn
391 2246 512 2298 maxime
523 2245 638 2297 sordida
646 2252 725 2298 reste
739 2245 822 2296 lacri-

16 2321 123 2385 misque
134 2322 164 2368 et
174 2316 297 2384 querelis
308 2316 438 2368 civitates
449 2317 634 2367 concitabant.
671 2316 731 2368 Nee
745 2313 823 2366 donni

16 2392 122 2441 tortum
131 2386 339 2452 indignationes
351 2386 538 2448 crintinebant,
556 2386 605 2438 sed
617 2385 823 2452 congregaban-

15 2462 60 2511 tur
79 2456 207 2523 undique
227 2457 263 2508 ad
278 2459 374 2508 'l'itum
386 2457 509 2519 Tatium,
530 2472 624 2524 regem
641 2455 822 2505 Sabinorum:

17 2534 42 2581 et
51 2527 214 2596 legationes
227 2542 274 2588 eo,
290 2527 364 2596 quod
376 2528 526 2577 maximum
539 2526 619 2576 Tatii
629 2538 727 2573 nonren
739 2522 768 2570 in
779 2518 824 2571 bis

18 2598 179 2665 regionibus
191 2604 262 2658 erat,
275 2598 484 2651 conveniebant.
514 2596 701 2647 Caeninenses
711 2592 832 2643 Crustu·

18 2669 141 2735 minique
152 2674 182 2720 et
191 2669 371 2720 Antemnates
380 2672 472 2732 erant,
494 2668 530 2722 ad
548 2682 621 2738 quos
633 2666 701 2721 eius.
711 2664 849 2719 iniuriae
