1860 2978
117 104 237 160 ΜΒΝ.
256 106 382 161 chald.
393 106 436 161 3⁷.
455 106 499 177 [U.
513 108 542 160 C.
555 108 613 164 365.
632 109 664 161 A.
677 108 706 161 C.
717 108 789 176 387]
814 108 865 161 341

64 212 155 266 cladis
167 211 241 263 forte
253 210 363 263 Gallico
379 212 455 264 bello
467 219 611 278 acceptae,
632 213 819 279 cognitionem
832 215 867 265 de

62 281 213 350 postulatis
227 280 371 332 Gallorum
383 282 417 332 ad
429 283 562 347 populum
575 283 715 334 reiiciunt:
730 283 776 333 ubi
788 290 866 333 tanto

63 353 128 420 plus
140 352 232 417 gratia
244 358 325 416 atque
337 366 402 416 opes
413 351 533 414 valuere,
554 359 591 413 ut,
607 368 721 418 quorum
734 352 767 402 de
779 368 869 418 poeno

64 422 214 488 agebatur,
235 422 339 472 tribuni
354 422 472 471 militum
488 423 627 472 consulari
639 428 778 487 potestate
789 423 818 471 in
829 423 868 471 in·

64 498 226 557 sequentem
238 506 339 541 annum
352 497 519 543 crearentur.
556 493 617 552 (luo
631 491 722 553 facto,
745 490 817 542 lraud
828 508 868 542 se-

10 597 16 609 .
64 576 115 613 cus
127 574 209 626 quam
225 560 338 627 dignum
350 566 424 624 erat,
444 560 548 612 infensi
558 561 635 613 Galli
652 562 756 611 bellum
769 576 869 626 propa-

61 630 123 685 lam
139 629 287 691 minantes,
309 630 345 680 ad
365 631 575 683 suos-redeunt.
612 630 729 681 Tribuni
750 630 868 680 militum

63 694 128 751 cum
138 698 227 750 tribus
237 698 333 751 Fabiis
343 701 434 751 creati
445 700 478 761 Q.
489 698 627 765 Sulpicius
633 699 756 767 Longus,
768 702 801 763 Q.
808 698 869 751 Ser·

62 768 148 819 vilius
160 772 296 834 quartum,
313 767 371 820 Ser.
384 769 529 821 Cornelius
539 770 750 836 Maluginensis.

118 834 259 888 XXXVII.
279 837 372 899 Quum
382 844 463 890 tanta
473 840 561 890 moles
574 840 640 889 mali
649 838 776 899 instaret,
788 837 868 900 (adeo

64 910 198 959 occaecat
213 906 321 954 animos
331 906 455 968 fortuna,
473 908 522 958 ubi
536 907 592 957 rim
603 923 682 957 suam
692 908 869 973 ingruentem

64 974 183 1040 refringi
193 987 248 1023 non
260 972 332 1034 vult)
343 973 456 1036 civitas,
477 990 547 1040 quae
563 975 695 1026 adversus
706 976 869 1026 Fidenatem

10 1067 12 1076 ·
64 1060 101 1097 ac
110 1042 256 1095 Veientem
266 1040 375 1093 hostem
386 1043 511 1108 aliosque
522 1044 656 1094 finitimos
667 1046 795 1110 populos,
806 1046 870 1095 ulti-

64 1129 114 1167 ma
123 1111 269 1179 experiens
280 1112 395 1174 auxilia,
412 1113 578 1164 dictatorem
590 1114 686 1165 multis
697 1115 870 1178 tempestati-

10 1224 17 1235 ..
64 1185 117 1237 bus
129 1180 260 1244 dixisset3
272 1196 306 1231 ea
317 1186 391 1243 tunc,
403 1182 548 1233 inuisitato
560 1188 643 1248 atquc
652 1183 778 1232 inaudito
789 1182 870 1234 hoste

66 1252 103 1306 ab
118 1252 232 1303 Oceano
246 1256 440 1318 terrarumque
454 1250 560 1301 ultimis
577 1251 633 1301 oris
650 1251 756 1302 bellurn
772 1252 870 1317 ciente,

10 1326 23 1337 “
65 1320 138 1373 nihil
158 1319 372 1372 extraordinarii
391 1321 504 1386 imperii
531 1326 579 1371 aut
606 1320 705 1373 auxilii
726 1321 869 1388 quaesivit.

66 1386 196 1453 Tribuni,
208 1404 324 1456 quorum
335 1390 493 1443 temeritate
503 1391 608 1443 bellum
619 1397 790 1442 contractum
802 1399 870 1455 erat,

66 1475 191 1513 summae
203 1475 295 1513 rerum
310 1466 471 1526 praeerant:
492 1461 683 1528 delectumque
694 1460 781 1512 nihilo
793 1477 871 1512 accu-

64 1531 214 1591 ratiorem,
235 1544 316 1596 quam
332 1531 367 1581 ad
377 1530 470 1584 media
487 1531 564 1584 bella
579 1531 675 1584 haberi
692 1532 790 1583 solitus
802 1538 872 1593 erat,

66 1604 261 1665 (extenuantes
272 1600 358 1651 etiam
369 1600 472 1654 famam
482 1603 561 1666 belli)
573 1600 720 1654 habebant.
756 1602 869 1652 interim

68 1670 160 1734 Galli,
179 1674 327 1737 postquam
343 1686 488 1738 accepere,
506 1673 581 1725 ultro
596 1670 731 1723 honorem
746 1670 871 1721 habitum

66 1740 251 1793 violatoribus
271 1740 343 1791 iuris
365 1738 490 1804 humani,
520 1741 682 1807 elusamque
702 1741 870 1807 legationem

65 1824 145 1862 suam
159 1825 234 1872 esse,
253 1806 404 1874 flagrantes
419 1808 477 1872 ira,
497 1810 576 1860 cuius
590 1810 730 1873 impotens
743 1816 785 1859 est
795 1824 871 1873 gens,

67 1879 216 1932 confestim
227 1878 316 1943 signis
327 1878 476 1939 convulsis,
493 1877 580 1927 citato
592 1878 704 1941 agmine
714 1877 770 1926 iter
781 1878 872 1942 ingre-

66 1949 190 2001 diuntur.
224 1946 268 1999 Ad
279 1960 397 2013 quorum
407 1943 648 2013 praetereuntium
657 1944 757 2009 raptim
769 1944 871 1994 tumul-

66 2024 127 2069 tum
148 2031 234 2083 quum
250 2016 402 2069 exterritae
421 2016 504 2065 urbes
520 2013 556 2062 ad
571 2027 650 2063 amia
665 2018 871 2075 concurrerent,

66 2086 190 2155 fugaque
200 2084 353 2152 agrestium
365 2084 454 2145 tieret,
464 2082 582 2133 Romam
592 2096 622 2133 se
631 2081 683 2144 ire,
703 2095 803 2148 magno
816 2082 871 2133 cla·

67 2154 361 2222 moresigniticabant;
382 2165 542 2218 quacunque
553 2150 641 2213 ibant,
661 2151 871 2219 equisvirisque

66 2225 151 2292 longe
162 2224 262 2277 aelate
273 2222 335 2273 fuso
344 2222 455 2289 agmine
465 2221 629 2272 immensum
636 2220 794 2274 obtinentes
803 2222 870 2273 loci.

68 2293 133 2354 Sed,
149 2292 331 2346 antecedente
341 2292 416 2343 fama
425 2290 583 2358 nuntiisque
595 2290 781 2354 Clusinorum,
794 2292 871 2343 dein-

69 2376 134 2427 ceps
144 2362 210 2415 iude
220 2362 339 2415 aliorum
350 2362 524 2429 populorum,
535 2360 683 2427 plurimum
695 2362 812 2414 terroris
818 2362 872 2410 Ro-

66 2446 142 2483 mam
157 2430 286 2482 celeritas
302 2431 426 2482 hustium
441 2430 519 2481 tulit:
540 2432 642 2497 quippe
661 2432 772 2497 quibus,
794 2429 872 2481 velut

66 2499 251 2553 tumultuario
263 2501 386 2553 exercitu
396 2500 498 2569 raptim
510 2499 604 2561 ducto,
618 2514 702 2565 aegre
715 2499 750 2550 ad
761 2499 876 2547 undee'x-

67 2586 142 2622 mum
153 2570 274 2637 lapidem
286 2586 429 2623 occursum
439 2574 498 2634 cst,
517 2585 576 2639 qua
586 2566 699 2620 humen
711 2567 809 2623 rhina,
821 2564 900 2611 m·

65 2640 194 2692 stnmrhr's
211 2640 354 2697 montibus
372 2643 510 2715 praealto
535 2638 676 2697 dehuens
695 2636 811 2691 aines,
827 2616 926 2672 ΧΨ
