1860 2978
28 92 107 149 rnatu
116 99 195 157 suot,
216 94 341 147 deiectus
352 93 485 147 ediciturc
507 94 635 146 eonsules
647 95 716 146 belli
727 97 776 148 ad·

28 164 202 217 intrationem
223 165 298 217 inter
316 179 347 216 se
370 164 515 231 dispartiri
533 164 618 227 iussi,
640 164 724 216 alteri
743 173 777 218 ut

28 235 72 298 mi,
93 235 177 287 alteri
185 239 218 286 ut
227 235 316 302 Aequi
326 235 471 301 provincia
481 239 564 287 essct.
601 235 720 286 Tribuni
732 250 779 287 co·

37 304 67 356 in
82 305 144 357 foro
158 320 325 372 personare,
345 304 482 357 Fabulam
496 305 672 373 compositam
690 301 779 358 Volsci

28 375 39 437 i,
52 373 187 428 Hernicos
199 377 337 441 adportes
345 384 470 441 paratos.
496 374 555 427 iarn
564 393 596 428 ne
607 375 710 428 oirtntc
721 377 779 443 qai-

40 445 132 513 premi
144 445 296 496 libertatem
308 445 407 512 populi
417 445 550 509 Romani,
570 447 688 499 sedante
698 448 779 499 eladi.

28 531 52 579 a,
73 513 209 568 occidione
216 530 300 581 prope
312 514 410 566 occisor
426 513 532 566 Volscos
543 524 571 567 et
580 514 780 584 Aequosmooe-

28 600 61 639 κα
71 592 166 652 sponte
177 600 255 637 arnna
261 600 350 651 posse,
370 584 504 655 iamfides
514 583 624 648 obierit,
643 602 723 641 nonos
734 587 780 640 lio·

34 654 139 724 quaeri.
178 653 419 724 Ciloniamfidom,
436 655 629 723 propinquam,
649 656 781 728 infamem

28 724 41 776 i.
61 723 168 781 Bellum
178 723 298 778 innoxiis
308 723 469 778 Antiatibus
478 725 572 787 inlici,
581 726 646 795 geri
656 744 719 781 cam
725 731 782 796 ple-

28 795 153 848 iomana:
164 810 253 863 qnam,
265 802 407 848 oneratam
414 794 507 857 arceiis,
519 796 625 848 exarte
631 796 781 866 praecipiti

28 865 81 919 riae
91 863 184 921 notarri
194 872 291 926 essent,
309 864 406 917 exsilio
418 873 445 914 et
454 863 621 931 relegatione
631 867 730 920 civium
740 869 780 921 al·

28 943 102 990 entes
112 934 243 988 tribanos.
281 933 342 995 Sic,
363 950 396 987 nc
406 931 473 1000 qaid
485 931 662 986 aliadaetson
672 943 782 1004 potent,

28 1022 72 1060 arn
83 1007 168 1074 legem
180 1021 253 1065 esser
272 1003 340 1067 nisi,
359 1003 421 1055 dam
434 1002 464 1056 in
474 1001 584 1072 integro
594 1020 636 1057 ret
645 1005 699 1072 eit,
720 1007 783 1058 dnm

28 1075 60 1140 ii,
80 1077 143 1128 dam
155 1074 245 1145 togati
256 1074 325 1138 sint,
345 1080 475 1138 caecant,
493 1075 700 1140 repensatione
708 1075 784 1129 ariis

28 1154 119 1210 entier,
129 1145 268 1216 accingam
279 1143 427 1212 accipiant.
464 1141 496 1195 Si
507 1143 614 1198 animat
622 1147 668 1211 rit,
678 1164 732 1201 aon
741 1148 784 1199 de·

28 1215 189 1271 currilium.
227 1212 386 1269 Consentire
400 1231 490 1268 omncs
505 1214 637 1271 tribanos.
673 1215 784 1270 Nullam

28 1302 107 1340 orem
117 1293 272 1349 externam,
293 1286 397 1340 nullam
408 1286 561 1354 pericnlum
572 1304 636 1341 esse.
675 1286 783 1341 Canium

28 1375 36 1412 r
65 1356 161 1479 perime
183 1373 268 1423 anino,
287 1365 320 1410 at
340 1365 400 1410 tuto
420 1355 534 1413 libertos
554 1357 664 1431 defendi
681 1366 782 1428 potul.

28 1428 104 1482 tetri
125 1427 180 1480 uni.

28 1498 75 1551 XI.
93 1499 131 1550 nt
145 1513 179 1551 ex
195 1505 275 1566 porte
289 1501 380 1553 altera
394 1499 523 1553 eonsules
533 1501 563 1552 in
575 1505 726 1568 conspectu
738 1514 783 1552 eo·

28 1585 49 1633 r,
69 1567 171 1635 positis
182 1570 275 1632 sellis,
294 1571 435 1623 delectum
446 1569 596 1623 habebant.
632 1573 675 1624 Eo
687 1570 784 1623 decur-

28 1632 40 1690 i
54 1637 173 1701 tribuni,
195 1641 412 1707 concionemque
426 1655 520 1693 secum
533 1639 658 1693 trahunt.
695 1640 784 1692 Citati

30 1708 65 1772 ei,
79 1708 210 1771 velutrei
221 1711 409 1777 experiundae
421 1726 520 1762 eausa:
536 1716 565 1762 et
574 1711 672 1762 statim
683 1710 726 1761 vis
738 1724 783 1761 co·
795 1722 805 1735 ¹

28 1794 45 1831 ι.
83 1780 281 1848 Quemcunque
296 1781 381 1832 lictor
396 1779 475 1832 iussu
492 1779 611 1831 romulis
623 1777 784 1846 prehendis-

28 1888 30 1903 .
50 1849 180 1901 tribunus
194 1851 272 1903 mitti
287 1850 415 1902 iubebat:
437 1854 526 1915 neque
541 1864 621 1901 suum
632 1849 730 1915 cuique
739 1849 784 1899 ius

28 1918 87 1971 ium
97 1919 229 1983 faciebat,
239 1921 290 1973 sed
300 1920 401 1973 virium
414 1933 463 1985 spe
473 1923 502 1971 et
511 1933 595 1971 manu
602 1917 785 1972 obtinendum

28 1994 50 2052 t,
72 1990 327 2057 quodiotenderes.
365 1987 606 2051 Quemadmodum
625 2005 657 2042 sc
677 1989 786 2041 tribuni

28 2061 126 2113 sissent
136 2060 164 2110 in
176 2059 348 2128 prohibendo
369 2059 493 2122 delectu,
512 2060 555 2112 sio
564 2059 663 2114 Patres
674 2061 702 2112 in
711 2060 784 2127 iege,

28 2144 105 2197 eper
116 2145 210 2183 omnes
221 2131 378 2183 comitiales
389 2129 449 2182 dies
459 2129 610 2194 ferebatur,
632 2131 785 2198 impedien-

28 2200 164 2268 3erebant.
190 2202 304 2253 Initium
315 2208 377 2254 erat
387 2200 476 2262 rixae,
488 2217 570 2269 quum
582 2200 727 2253 discedere
738 2215 785 2265 po-

28 2286 71 2321 um
83 2271 233 2323 iussissent
243 2271 356 2333 tribuni,
377 2270 453 2337 quod
463 2270 562 2324 Patres
574 2286 604 2322 se
615 2269 785 2320 summoveri

30 2339 51 2392 d
70 2341 210 2394 sinebant.
251 2341 311 2395 Nec
329 2342 389 2393 fere
409 2341 533 2394 seniores
555 2339 598 2391 rei
618 2339 784 2401 intererant3

28 2425 77 2479 ppe
88 2427 159 2479 quae
170 2427 226 2462 non
241 2412 358 2463 corrsilio
371 2412 508 2476 regenda,
531 2408 580 2461 sed
595 2406 733 2471 permissa
744 2414 784 2460 ts·

28 2481 101 2534 itati
116 2481 304 2548 audaciaeque
319 2486 401 2534 esset.
437 2481 558 2531 Multum
571 2482 600 2527 et
613 2476 749 2553 corradini
756 2492 795 2524 ss,

28 2553 167 2615 inibant,
188 2567 223 2606 ne
235 2551 279 2607 cui
287 2552 317 2606 io
328 2549 494 2608 oououone
507 2561 610 2608 rerum
616 2548 819 2597 maronianum
