1860 2978
59 135 70 271 Ι
128 140 258 193 man.
277 139 362 194 cns.
375 138 470 194 sess.
489 141 531 208 [o.
545 140 644 192 o.2cs.
662 139 817 208 acuon]
855 139 893 190 11⁴

10 255 41 294 m
148 244 266 297 XXXV.
281 244 319 296 Et
328 246 439 296 senatui
449 245 530 295 nimis
542 252 622 297 atrox
632 244 692 296 visa
702 245 842 296 sententio
852 252 901 309 cst,

1 326 39 361 n.
99 321 126 368 et
137 314 248 382 plebem
258 314 302 364 ira
312 328 398 380 prope
411 314 538 366 armavit.
566 314 760 377 Feniculum,
778 313 904 366 nicotia-

12 382 36 433 's
57 440 61 451 Ι
97 394 158 448 stes,
172 382 235 453 peti
240 400 251 445 ;
271 383 329 434 cibo
341 385 465 451 victoque
481 384 630 455 flanderi:
648 383 824 454 peregrinum
838 384 905 455 sru-

7 460 30 512 t,
97 462 230 515 utentum,
248 468 315 519 quae
326 456 383 504 solo
393 454 524 505 nlirrrento
535 471 568 506 ex
578 453 716 520 insperato
730 454 851 526 fortuna
862 453 904 504 de·

6 521 27 563 '-
54 568 57 583 ,
97 524 180 587 derit,
200 522 235 574 ob
244 539 291 575 ore
301 523 378 590 ropo',
393 523 447 575 nisi
459 521 487 573 0.
498 522 605 575 Marcio
615 522 701 575 macti
711 524 844 575 dedantur
855 522 906 574 tri·

0 611 5 632 ¹
98 593 171 657 boni,
180 590 236 645 nisi
246 593 277 642 de
287 600 365 662 tergo
376 592 464 660 plebis
473 591 613 645 Romanae
623 591 751 661 satisfiat.
769 592 843 645 Eum
853 591 905 643 sili

96 661 254 732 carnificem
263 677 359 715 novom
370 671 506 726 exortum,
527 662 574 728 qni
585 661 723 726 ratmont,
743 670 793 714 eut
802 661 904 714 servire

96 731 200 785 Meet.
236 731 267 782 In
279 737 425 784 exeuntem
437 748 452 784 e
464 732 541 783 curia
550 732 670 799 impetus
681 730 773 782 factus
783 737 865 794 esset,
876 729 905 781 ni

98 806 308 870 peropportune
327 802 435 853 tribuni
457 802 530 854 diem
552 801 698 854 dixissent.
734 801 777 852 lbi
797 803 842 852 ira
861 805 905 852 est

98 886 272 938 suppressa·
294 868 330 923 Se
350 870 469 924 iudicem
485 873 611 940 quisque,
632 888 662 924 se
675 870 815 922 dominum
829 871 905 922 vitae

1 972 3 993 ι
46 994 49 1005 ,
97 942 230 1007 necisque
240 940 350 992 inimici
360 941 468 993 factum
477 942 598 994 videbat.
615 942 803 1004 contemptim
814 941 904 1008 primo

44 1022 54 1067 ,¹
97 1010 223 1062 Marcium
245 1010 378 1063 audiebat
399 1012 489 1062 minas
508 1011 686 1063 tribunicias:
715 1011 829 1074 auxilii,
849 1025 905 1060 non

98 1094 216 1147 poenae,
234 1079 280 1130 ius
291 1080 385 1132 datum
396 1080 440 1132 illi
451 1081 600 1147 potestati3
621 1078 773 1149 plebisque,
788 1095 844 1130 non
853 1078 904 1129 Pa-

98 1158 187 1212 trum‚
206 1149 414 1203 tribunosesse.
451 1150 507 1203 Sed
523 1150 592 1202 adeo
608 1149 719 1202 infensa
736 1155 797 1201 erat
808 1153 905 1199 coorta

97 1218 193 1287 plebs,
213 1225 246 1271 ut
258 1221 341 1271 unius
355 1236 445 1287 poeno
460 1220 664 1287 defungendum
679 1225 753 1272 esset
764 1217 905 1270 Patribus.

36 1302 42 1359 ξ
96 1289 275 1341 Restiterunt
283 1295 379 1343 tamen
389 1290 506 1343 adversa
515 1290 630 1354 invidio,
648 1289 746 1357 usique
756 1295 829 1352 suut,
849 1302 902 1356 qua

36 1364 39 1369 '
97 1359 157 1410 suis
167 1357 295 1427 quisque,
316 1376 371 1428 qus
386 1361 475 1412 totius
490 1360 596 1413 ordinis
611 1359 726 1413 viribus.
761 1362 801 1413 Ao
810 1359 901 1427 primo

96 1433 208 1481 tentata
217 1443 263 1482 res
272 1435 325 1492 est,
345 1430 376 1493 si,
392 1431 538 1498 dispositis
549 1432 708 1494 clientibus,
720 1428 900 1484 absterrendo

97 1498 225 1567 singulos
245 1515 264 1551 e
283 1499 453 1553 coitionibus
472 1502 667 1571 conciliisque,
690 1500 820 1554 disiioere
839 1513 900 1550 rem

95 1574 219 1689 possent.
255 1569 386 1622 Unio-ersi
396 1571 496 1626 deiude
506 1587 674 1642 processero,
688 1570 829 1640 (quicquid
840 1574 902 1621 erat

110 1638 221 1701 utrum,
233 1654 297 1692 reos
308 1639 427 1708 diceres)
447 1643 576 1709 precibus
586 1644 696 1711 plebem
706 1644 901 1709 exposcentes:

99 1706 189 1761 Unum
199 1708 250 1760 n'li
260 1710 351 1772 dorm,
370 1727 451 1764 noum
462 1722 627 1776 senatorem,
645 1712 670 1765 εἰ
680 1711 847 1766 innocentem
857 1706 902 1760 ob-

95 1780 198 1830 roloere
208 1780 317 1844 nollent,
330 1796 383 1847 pro
394 1792 504 1843 nocente
514 1784 654 1836 donarent.
689 1782 751 1848 lpse
762 1795 844 1848 quum
855 1778 902 1829 die

96 1848 174 1899 dicta
184 1864 240 1899 non
249 1848 372 1911 adesset,
382 1858 590 1918 perseveratum
600 1852 628 1901 in
639 1852 684 1902 ira
693 1856 745 1902 est.
781 1850 901 1899 Damna-

94 1926 142 1969 tus
153 1918 253 1969 absens
261 1920 290 1969 in
301 1917 420 1973 Volscos
432 1921 588 1973 exsulatum
599 1921 684 1983 obiit,
705 1920 839 1969 minitans
855 1931 902 1982 pa-

94 1988 178 2049 triae,
190 1984 360 2057 hostilesque
375 1990 432 2042 iam
444 1997 501 2042 tum
513 1990 629 2057 spiritus
640 2004 748 2057 gerens.
783 1985 901 2038 Venien-

93 2066 154 2109 tem
164 2054 263 2109 Volsci
274 2059 400 2126 'benigno
414 2075 562 2126 excepere3
581 2059 783 2127 benigniusque
797 2056 826 2108 in
840 2056 900 2107 dies

95 2126 241 2189 colebant,
264 2144 318 2196 quo
329 2132 420 2182 maior
431 2132 475 2182 ira
484 2131 513 2181 in
523 2145 588 2182 suos
599 2129 754 2192 eminebat,
776 2127 901 2180 crebrae·

94 2211 148 2263 que
159 2211 231 2247 nunc
240 2199 378 2265 querelae,
391 2217 462 2252 nunc
471 2200 562 2252 minae
572 2199 804 2267 percipiebantur.
842 2198 900 2248 Ηο-

93 2266 182 2331 spitio
197 2267 330 2323 utebatur
339 2271 409 2322 Attii
424 2270 509 2321 Tulli.
546 2270 643 2338 Longe
657 2271 683 2321 is
697 2276 757 2322 tum
770 2269 900 2336 princeps

93 2332 195 2387 Volsci
208 2339 329 2391 nominis
344 2346 414 2402 erat,
436 2340 624 2408 Romanisque
644 2356 752 2407 semper
771 2337 899 2390 infestus.

93 2404 139 2455 lta
154 2420 237 2472 quum
252 2408 371 2462 alterum
387 2416 467 2462 vetus
482 2410 589 2472 odium,
612 2411 729 2462 alterum
747 2410 789 2458 ira
804 2420 901 2456 reeens

95 2474 268 2540 stimularet,
300 2479 418 2531 consilia
443 2480 588 2531 conferunt
609 2480 643 2532 de
664 2480 789 2530 llomano
814 2472 899 2524 bello.

94 2543 181 2597 Haud
191 2544 276 2599 facile
287 2549 448 2613 credebant,
470 2545 579 2616 plebem
595 2563 674 2599 suam
689 2545 796 2612 impelli
810 2558 901 2609 posse,

96 2619 129 2663 ut
143 2616 228 2669 toties
243 2616 398 2670 infeliciter
413 2624 525 2670 tentata
533 2632 612 2668 minu
627 2620 766 2682 caperent.
801 2612 901 2664 Multis

96 2685 288 2809 saqpelbellip,
310 2688 471 2754 pestilentia
481 2692 624 2757 postremo
637 2684 918 2814 ssn'pxssaiusemase,

159 2791 165 2804 .
202 2771 239 2808 rs.
274 2759 324 2811 'ou
337 2766 359 2819 l,
