1860 2978
92 106 165 159 nm.
177 100 232 159 111.
252 108 324 160 cn».
335 106 376 160 59.
387 108 430 162 so.
450 80 537 176 [asc.
550 109 607 164 soa
625 109 658 161 A.
671 109 783 179 cara]
806 111 857 166 213

55 210 247 277 complebant:
268 213 536 278 provocantibusque
553 211 588 262 ad
601 212 738 278 proelium
748 230 860 281 respon-

55 295 117 332 sum
148 281 288 331 Romanus
314 296 394 332 nemo
419 281 563 333 reddebat.
600 281 725 333 Tandem
747 283 860 352 fatigati

57 349 175 412 stende,
197 366 229 400 ac
248 351 430 419 nequicquam
442 351 627 417 exspectando
639 359 792 415 certamen,
813 356 865 406 Ae·

60 419 109 486 qui
125 418 292 487 Volscique,
314 427 462 488 postquam
484 437 643 473 concessum
664 423 865 488 propemodum

60 490 96 540 de
107 490 225 541 victoria
236 491 398 554 credebant,
417 506 482 559 pars
493 492 522 541 in
533 492 683 555 Hernicos,
697 508 762 559 pars
772 494 801 543 in
812 493 866 545 La-

58 560 135 610 tinus
146 559 311 625 praedatum
327 561 437 613 abeunt.
474 562 651 628 Relinquitur
666 564 755 630 magis
767 565 867 615 castris
892 572 895 577 “

57 629 248 699 praesidium,
270 646 351 697 quam
361 631 430 683 satis
439 631 542 682 virium
552 631 588 682 ad
599 636 747 684 certamen.
784 631 868 693 Quod

57 698 108 749 ubi
130 699 227 750 consul
247 702 347 764 sensit,
376 701 469 754 reddit
486 702 596 753 illatum
617 707 700 754 antea
718 708 866 755 terrorem:

56 768 252 836 instructaque
275 772 334 823 acie
355 771 430 823 ultro
449 771 559 824 hostem
584 772 705 824 lacessit.
742 772 797 822 Ubi
815 771 869 834 illi,

60 838 233 890 conscientia
254 841 319 907 quid
341 843 451 894 abesset
470 843 583 905 virium,
610 842 799 895 detrectavere
821 856 871 908 pu·

59 921 162 975 gnam,
183 911 271 961 crevit
287 912 427 978 extemplo
439 912 571 964 Romanis
587 913 709 974 animus,
729 916 759 963 et
768 925 819 977 pro
830 910 870 960 ri·

59 978 115 1029 ctis
125 976 266 1030 habebant
282 985 416 1047 parentes
432 980 632 1032 intrarallum.
668 981 759 1042 Quum
769 995 819 1045 per
829 984 870 1031 to·

57 1054 121 1098 tum
135 1048 208 1100 diem
225 1050 367 1103 stetissent
381 1051 485 1101 intenti
500 1050 535 1101 ad
552 1055 706 1111 certamen,
725 1049 801 1099 nocti
814 1064 871 1100 ces·

58 1132 131 1170 sere.
168 1118 205 1173 lat
223 1119 342 1172 Romani
358 1120 471 1187 quidem
487 1119 563 1186 pleni
578 1119 640 1184 spei
656 1131 775 1184 corpora
794 1132 872 1169 cura·

56 1188 137 1241 bant.
166 1187 393 1257 Haudquaquam
405 1190 467 1257 pari
477 1188 571 1242 hostes
582 1188 675 1239 animo
686 1186 797 1238 nuntios
808 1201 870 1253 pas·

58 1258 114 1310 sim
138 1257 242 1325 trepidi
263 1259 299 1310 ad
318 1259 488 1312 revocandos
513 1258 697 1326 praedatores
718 1256 870 1308 dimittunt.

57 1327 226 1381 Recurritur
236 1344 271 1380 ex
280 1329 416 1396 proximis
426 1329 510 1394 locis3
530 1329 679 1380 ulteriores
690 1342 746 1379 non
755 1327 869 1382 inventi.

58 1397 116 1449 Ubi
135 1398 244 1462 illuxit,
262 1399 405 1466 egreditur
421 1400 520 1451 castris
535 1398 691 1461 Romanus,
711 1398 816 1449 vallum
830 1397 871 1447 in-

59 1482 188 1530 vasurus,
200 1468 229 1517 ni
241 1469 323 1532 copia
334 1484 443 1533 pugnae
452 1471 548 1519 lieret:
572 1475 609 1529 et,
623 1473 771 1534 postquam
782 1466 872 1517 multa

57 1538 119 1590 lam
130 1537 189 1589 dies
199 1542 276 1599 erat,
297 1552 386 1603 neque
397 1538 563 1589 movebatur
573 1537 720 1603 quicquam
732 1538 766 1588 ab
777 1535 868 1596 hoste,

56 1608 141 1661 iubet
155 1607 239 1675 signa
253 1606 351 1656 inferri
371 1607 481 1656 consul:
503 1610 634 1671 motaque
653 1606 725 1669 acie,
743 1604 869 1672 indigna-

60 1677 106 1729 tio
124 1679 234 1743 Aequos
258 1680 286 1727 et
306 1672 425 1725 Volscos
445 1674 575 1735 incessit,
604 1675 630 1725 si
648 1675 770 1726 victores
792 1689 870 1726 exer-

59 1747 134 1799 citus
148 1745 253 1797 vallum
269 1743 374 1810 potius,
396 1758 478 1810 quarn
493 1744 582 1794 virtus
599 1749 627 1794 et
642 1758 720 1794 arma
731 1749 868 1809 tegerent.

57 1817 150 1886 Igitur
159 1821 188 1868 et
198 1815 253 1882 ipsi
263 1812 447 1880 efflagitatum
464 1813 499 1863 ab
512 1811 628 1863 ducibus
639 1812 747 1879 signum
759 1825 869 1878 pugnae

59 1900 203 1952 accepere.
238 1886 351 1950 lamque
371 1897 436 1948 pars
457 1897 571 1950 egressa
590 1881 679 1948 portis
694 1886 769 1942 erat,
792 1880 869 1932 dein-

59 1971 179 2023 cepsque
199 1955 250 2008 alii
272 1952 422 2006 servabant
442 1951 580 2012 ordinem,
601 1951 632 2001 in
652 1964 732 2000 suum
752 1949 868 2017 quisque

56 2026 152 2080 locum
171 2024 383 2085 descendentes,
405 2036 487 2089 quum
509 2020 607 2072 consul
621 2019 763 2072 Romanus
781 2019 868 2085 prius,

59 2110 144 2164 quam
154 2095 223 2147 totis
233 2095 339 2146 viribus
351 2091 425 2143 fulta
435 2096 577 2143 constaret
589 2090 710 2142 hostium
722 2090 809 2153 acies,
824 2090 867 2149 in·

57 2166 127 2218 tulit
137 2166 228 2234 signa:
246 2158 477 2230 adortusque'nec
488 2176 581 2213 omnes
594 2161 659 2213 dum
671 2161 794 2223 eductos,
806 2175 867 2222 nec,

58 2236 108 2303 qul
119 2240 212 2298 erant,
223 2235 292 2287 satis
304 2233 451 2299 explicatis
463 2231 619 2294 ordinibus,
634 2247 721 2300 prope
731 2229 865 2282 fluctuan-

57 2311 117 2357 tem
135 2305 244 2356 turbam
259 2303 462 2371 trepidantium
478 2300 532 2354 huc
551 2304 632 2370 atque
647 2303 730 2362 illuc,
750 2299 865 2350 circum·

58 2373 300 2441 spectantiumque
312 2390 342 2426 se
353 2389 385 2424 ac
396 2388 460 2424 suos
465 2409 474 2435 ,
489 2371 584 2424 addito
595 2371 717 2424 turbatis
728 2365 868 2418 mentibus

59 2445 186 2494 clamore
198 2447 280 2509 atque
291 2443 403 2510 impetu,
424 2443 542 2494 invadit.
579 2441 710 2494 Retulere
722 2434 811 2502 primo
822 2449 868 2501 pe·

60 2513 125 2565 dem
143 2509 250 2563 hostes:
271 2511 382 2576 deinde,
405 2528 486 2580 quum
504 2513 612 2563 animos
628 2507 820 2574 collegissent,
841 2508 869 2554 et

59 2582 184 2648 undique
204 2580 302 2642 duces,
322 2582 434 2636 victisne
449 2581 549 2635 cessuri
563 2586 663 2639 essent,
684 2577 874 2640 increparent,

60 2652 222 2704 restituitur
239 2650 338 2719 pugna.
599 2656 602 2662 '
