1860 2978
152 129 157 135 ,
185 93 256 127 «ιν.
265 73 310 127 49.
321 72 363 127 50.
383 75 426 142 [u.
438 75 467 125 C.
478 74 538 130 305.
550 73 580 124 A.
593 76 624 139 C:
635 75 709 142 4474

30 182 56 234 ,st-
93 172 211 241 Supinas
221 174 322 227 deinde
331 175 448 227 tendens
458 191 568 239 manus,
589 178 725 228 commilit

30 242 147 323 pellant,
167 246 275 307 orabat,
296 243 348 308 Ne,
362 246 433 314 quad
441 247 525 296 scelus
534 243 584 312 Ap.
598 244 708 299 Claudii
717 265 734 298 e.

30 313 252 367 iattribueteat:
262 332 314 367 acu
325 332 360 377 re,
371 324 402 365 ut
409 314 579 382 parricidam
590 315 710 377 liberam,
722 334 738 368 a

30 392 130 436 ceatur.
167 383 321 435 biliaitam
334 384 415 453 filiae
430 401 494 436 auae
506 384 638 436 cariorem
652 387 750 456 fuicte¹

30 469 92 505 erue
101 469 134 505 uc
140 454 256 521 prcdicac
267 453 354 505 vivere
367 455 471 505 licitum
481 454 593 525 suimet.
617 453 714 519 Quutu,
724 473 754 508 ue

30 539 107 585 uum,
119 524 157 574 uel
165 531 289 590 stuprum
300 524 363 591 capi
374 524 487 587 uideret,
506 533 592 577 marte
601 524 693 577 amitti
703 520 762 578 meli

30 602 96 655 tum,
116 592 382 660 quarucumumelia‚
403 593 513 656 liberae,
533 592 759 648 misericordiane

30 662 107 716 eciem
117 662 288 715 crudelitatis
298 665 410 729 lapsum.
440 660 494 714 Nec
504 679 531 714 cc
541 664 714 731 superstitem
717 665 776 734 fllia

30 741 121 785 mentm
134 730 239 804 ficitte,
259 732 313 784 aiei
327 748 401 853 eper3
412 732 578 787 ulciscendae
592 735 688 786 martir
702 736 782 787 eiuci

30 800 99 856 eilia
119 801 329 854 commilitonum
349 802 385 853 lta
404 801 495 855 uiccet.
531 800 592 855 ttttc
613 819 715 872 quoque
729 806 789 857 enin

30 869 77 935 iac,
87 886 200 933 taceret,
211 871 389 942 coniugesque
400 888 470 924 ene.-
486 888 534 924 acc
543 873 674 943 cumfllia
683 890 733 927 cua
743 873 796 926 libi·

30 957 82 998 tem
91 940 143 1009 Ap.
157 938 267 995 Olmcdii
278 942 442 994 exstinctam
452 957 506 992 eece
513 957 524 1001 ;
545 942 604 1005 ted,
622 959 673 1009 qua
687 942 802 1011 impuni-

30 1027 50 1062 ιν
60 1008 108 1075 cit,
118 1026 148 1063 ea
159 1008 362 1078 effrenatiorem
372 1011 447 1083 fare.
482 1009 579 1063 Aliena
590 1011 749 1063 calamitate
758 1014 801 1062 clu·

30 1088 147 1134 mentum
158 1080 253 1132 datum
261 1080 315 1133 illie
327 1080 460 1132 cavendae
470 1078 567 1131 cimilia
577 1080 704 1133 iniuriae.
726 1079 805 1143 Quod

38 1167 68 1203 te
78 1150 207 1215 attineat,
216 1167 328 1203 uxerem
338 1150 390 1202 tibi
399 1149 466 1221 fatu
478 1158 613 1216 ereptam.-
621 1149 725 1219 filiam,
737 1150 803 1218 maia

30 1239 47 1276 u
62 1222 141 1273 ultra
150 1221 253 1287 pudica
269 1220 377 1273 victura
387 1219 496 1292 fitccit,
515 1219 653 1283 amicerum,
671 1221 719 1272 tel
727 1220 803 1273 lene·

30 1306 75 1355 cm,
84 1299 198 1343 mortem
209 1290 369 1343 accubuicce.
398 1287 462 1343 Nau
470 1304 526 1341 ecee
537 1289 591 1341 iam
603 1289 687 1358 Appii
695 1289 804 1344 libidini

30 1374 81 1425 tum
89 1358 120 1413 iu
130 1362 204 1413 damu
214 1377 278 1414 cua.-
293 1362 326 1413 ab
338 1359 395 1414 alia
404 1359 598 1413 uiolentiaeiue
608 1360 697 1413 euclem
707 1377 735 1413 ce
745 1359 803 1414 aui-

32 1444 126 1483 ·tuum
136 1447 231 1499 corpur
242 1431 453 1493 vindicaturum,
472 1446 524 1498 que
533 1429 803 1501 uindicaueritfiliae.

39 1500 93 1553 teri
102 1499 155 1551 cibi
165 1517 197 1553 ac
209 1500 300 1553 liberie
315 1501 371 1553 cuit
382 1502 559 1554 cumularem.
585 1500 665 1552 Haec
674 1500 802 1568 virginio

48 1566 167 1623 iierunti
177 1571 367 1623 succlamabat
378 1569 537 1633 multitudo,
553 1568 612 1622 Nec
621 1568 696 1622 illiue
706 1570 800 1631 ululari,

59 1655 126 1691 cuae
141 1639 265 1692 libertati
284 1656 311 1693 cc
328 1640 480 1712 defuturae.
515 1640 553 1692 Et
566 1640 689 1691 immixti
702 1642 802 1692 turbae

60 1714 120 1761 tum
130 1710 230 1778 togati,
241 1726 325 1778 quum
335 1711 433 1763 eadem
443 1711 494 1761 illa
504 1709 654 1775 querendo,
665 1709 802 1762 docendu-

69 1785 173 1847 qnanto
183 1781 253 1843 rica,
274 1796 356 1846 quam
367 1778 473 1843 audite,
493 1778 652 1844 indigniora
660 1778 802 1844 potuerint

74 1849 95 1913 i,
115 1849 198 1899 simul
209 1849 387 1917 profligatam
397 1850 453 1899 iam
464 1862 523 1899 rem
532 1847 686 1897 nuntiando
697 1848 803 1899 Romae

93 1918 274 1986 insecutique,
285 1920 333 1986 qui
343 1919 461 1985 Appium
471 1931 558 1983 prope
568 1917 763 1982 interemptum
772 1916 802 1966 in

90 2002 129 2039 un
143 1988 234 2041 abisse
251 1989 390 2051 dicerent,
411 1986 604 2053 perpulerunt,
623 1990 656 2037 ut
669 1984 707 2037 ad
723 1998 803 2037 mma

96 2064 235 2122 meretur,
253 2059 443 2125 vellerentque
457 2057 552 2124 signu,
573 2060 602 2108 et
612 2054 729 2107 Romam
739 2069 803 2122 pru·

102 2134 196 2180 entur.
231 2128 390 2181 Decemviri
405 2127 489 2178 simul
499 2125 554 2189 hie,
574 2141 646 2195 quae
661 2124 801 2189 ridebunt,

112 2198 152 2261 ic,
174 2212 243 2265 quae
260 2204 325 2249 acta
335 2199 441 2250 Romae
456 2196 614 2259 audierant,
635 2194 802 2263 perturbati,

119 2266 205 2319 eliam
215 2274 322 2334 partem
334 2273 500 2330 castrorum,
512 2266 548 2319 ed
559 2267 697 2320 sedandos
708 2270 801 2317 mutue

126 2342 169 2387 nt:
189 2343 218 2389 et
232 2338 332 2389 leniter
348 2337 494 2406 agentibus
503 2352 666 2405 responsum
676 2349 732 2385 non
741 2330 803 2383 red·

130 2407 253 2474 uperium
268 2407 366 2474 siquis
381 2405 533 2470 inhiberet,
554 2415 581 2458 et
590 2406 663 2458 virm
674 2411 701 2455 et
712 2414 802 2453 arma-

137 2494 153 2538 r,
169 2477 360 2543 respondetur.
395 2477 470 2529 Eunt
479 2476 589 2544 agmine
600 2473 636 2525 nd
645 2473 756 2531 urbem,
773 2474 804 2519 et

144 2561 164 2595 n
176 2545 313 2611 insiduut3
332 2552 363 2597 ut
374 2547 489 2614 quicque
499 2547 673 2603 occurreret,
694 2538 805 2606 piebem

152 2613 225 2667 idum
237 2615 399 2670 libertatem
409 2614 604 2682 creandosque
610 2611 751 2665 tribum
757 2606 822 2671 nbu-
