1860 2978
66 113 115 167 llo
203 112 235 163 T.
254 106 381 161 Ltvll
399 109 444 177 [U.
455 109 486 161 C.
497 109 554 164 265.
572 107 605 160 A.
617 107 646 159 C.
657 107 726 176 lou]

65 217 204 283 cladesque
211 212 304 281 gentis
319 211 482 276 Volscorum,
501 212 644 275 utensiiia,
664 212 762 278 inquit,
777 209 871 263 obliui-

67 285 180 336 scamini
197 282 265 343 aliu,
285 280 441 334 hodiernam
456 280 526 335 bane
541 281 728 335 contumeliam
743 296 794 347 quo
810 290 870 333 tan·

68 357 124 405 dem
135 352 223 405 auimo
254 352 331 416 ertit,
351 369 404 421 qua
410 368 461 420 per
472 360 595 405 nostrum
605 349 783 420 ignominium
795 351 871 402 ludos

68 422 232 474 commisere.
264 420 308 474 An
321 438 374 474 uon
388 421 522 484 sensistis,
544 419 742 488 triumphatum
751 418 873 471 bellede

67 491 139 543 volis
151 491 222 543 esse?
239 505 284 541 uos
295 490 424 554 omuibus,
433 491 544 554 rioilus,
562 489 725 559 peregrinis,
736 488 874 558 totfim'ti·

68 560 118 611 nsit
132 559 250 629 populis,
270 562 421 628 spectaculo
435 560 563 613 abeuntes
573 559 681 631 finisse?
699 567 802 611 vestm
813 574 875 612 eou-

67 631 157 699 iuger,
184 637 286 681 uestros
305 629 402 681 liberos
421 630 562 681 traductor
578 646 630 698 prr
650 644 699 680 orn
719 627 874 680 bominum!

71 699 203 763 Quidem,
218 698 265 767 qui
274 698 402 751 audiuere
412 715 500 751 votem
507 698 670 781 praeconis?
687 697 760 766 quid,
770 697 818 764 qui
827 714 873 750 uos

67 770 156 821 uidere
166 768 313 820 abeuntes?
331 767 397 834 quid
406 784 458 832 ens,
470 785 518 835 qus
528 768 591 820 ltuie
599 767 778 837 ignominioso
788 767 874 837 ageti-

68 839 98 891 nu'
107 839 191 909 fuere
207 835 285 901 obuii,
306 836 473 890 existimasse
484 838 612 906 putatis?
629 837 682 890 uiti
692 836 803 903 aliquod
807 853 873 919 pro·

64 909 140 979 fectu
152 908 232 979 uesm
242 923 307 970 esse,
328 922 388 973 quo,
408 906 432 958 si
446 907 600 959 intersimus
611 909 771 975 spectaculo,
790 908 874 959 molu-

68 978 128 1028 turi
142 977 223 1028 tinius
239 977 323 1039 ludos,
339 977 530 1045 piaculumque
543 976 683 1029 merituri.-
703 976 762 1028 ideo
776 992 824 1029 nos
839 976 873 1029 ab

69 1048 129 1097 sede
141 1046 256 1114 piorum,
270 1054 356 1111 coetu,
371 1046 536 1114 concilioque
550 1047 633 1117 abigi.
672 1044 753 1110 Quid,
764 1045 875 1099 madet

68 1117 138 1168 illud
147 1134 200 1170 riou
209 1116 353 1180 succurrit,
363 1117 452 1169 nium
460 1133 515 1180 uos,
526 1117 598 1183 quud
606 1115 803 1169 maturarimus
810 1131 876 1184 pro·

62 1186 172 1256 pirinei?
191 1186 214 1238 si
224 1185 273 1238 boe
284 1186 432 1258 profectio,
442 1195 469 1238 rt
480 1186 614 1257 noufugu
625 1195 671 1239 est.
699 1186 740 1239 Et
750 1184 819 1239 buno
828 1200 875 1237 ur·

70 1256 126 1307 bem
137 1272 181 1306 nos
192 1272 245 1307 uon
255 1254 371 1307 bostrum
383 1256 491 1321 ducitis,
500 1256 555 1319 ubi,
571 1256 595 1308 si
605 1272 688 1311 uuum
698 1256 767 1317 diem
774 1253 877 1308 morati

69 1325 173 1387 essetis,
193 1324 357 1377 risoriendum
373 1325 493 1379 omuibus
503 1326 582 1399 fuit?
609 1324 877 1379 Bellumuolisiudi·

70 1402 143 1444 ntum
163 1401 219 1453 θεῖς
241 1408 339 1461 magno
359 1411 448 1447 eorum
464 1400 542 1460 malo,
563 1397 610 1465 qui
629 1396 760 1460 indixere,
779 1396 804 1448 si
821 1392 877 1448 uiri

71 1461 143 1513 estis.
179 1462 223 1512 lta
234 1467 261 1512 et
272 1477 323 1512 suu
332 1470 431 1529 sponte
441 1465 545 1518 irarum
556 1466 645 1533 pleni,
662 1471 690 1518 et
699 1465 817 1528 incitati,
827 1465 875 1516 do·

71 1546 132 1581 mos
148 1530 211 1582 inde
229 1530 350 1599 digressi
364 1540 440 1598 sunt3
459 1536 674 1604 instigandoque
684 1551 750 1587 suos
760 1536 875 1603 quisque

71 1601 189 1668 populos
202 1601 328 1664 effecere,
345 1609 376 1654 ut
389 1620 470 1656 omne
480 1607 613 1660 Volscum
623 1622 723 1658 nomen
735 1605 874 1657 deiiceret.

123 1670 252 1722 xxxix.
270 1671 454 1738 imperatores
476 1675 511 1726 ad
530 1675 559 1726 id
577 1676 682 1727 bellum
701 1675 736 1727 de
752 1676 876 1726 omnium

72 1740 237 1806 populorum
254 1744 393 1795 sententio
408 1744 476 1797 lecti
489 1745 581 1797 Attius
596 1745 695 1796 Tullius
715 1750 744 1796 et
761 1747 790 1797 G.
800 1745 876 1796 Mar-

73 1810 130 1860 oius
142 1811 220 1861 exsul
231 1811 380 1877 Romanus,
391 1813 420 1864 in
431 1830 485 1884 quo
497 1815 641 1883 aliquanto
653 1816 715 1882 plus
726 1815 787 1880 spei
796 1828 876 1881 repo·

70 1880 162 1932 situm.
194 1880 281 1942 Quum
294 1898 369 1950 spem
381 1901 554 1953 nequaquam
564 1885 678 1936 fefellit:
695 1890 726 1935 ut
736 1885 819 1936 facile
831 1899 877 1950 up·

70 1956 190 2015 pareret,
200 1951 314 2003 ducibus
325 1954 497 2018 validiorem,
514 1971 594 2023 quum
606 1954 738 2017 exercitu,
752 1970 811 2006 rem
821 1954 876 2005 Ro-

71 2036 181 2070 inanum
203 2037 272 2073 esse.
310 2023 431 2076 Circeios
451 2025 601 2091 profectus,
623 2025 742 2091 primum
761 2024 876 2076 colonos

70 2089 133 2138 inde
144 2090 284 2141 Romanos
295 2094 415 2159 expulit,
438 2095 608 2162 liberamque
624 2111 686 2147 enm
701 2095 797 2146 urbem
807 2092 876 2144 Vol·

71 2157 124 2205 scis
136 2157 263 2209 tradidit.
292 2160 367 2223 lnde,
377 2163 405 2212 in
417 2162 547 2214 Latinum
558 2163 633 2215 viam
643 2164 810 2215 transversis
820 2168 876 2214 tra·

71 2224 876 2299 mitibustransgressus,Sutrieun1,Longulum‚Polusoum,

72 2294 207 2356 Coriolos,
217 2296 329 2349 novello
339 2297 408 2351 haee
418 2300 551 2351 Romanis
563 2301 667 2368 oppidu
677 2302 790 2354 ademit.
808 2301 877 2354 Inde

70 2364 216 2416 Lauinium
227 2368 346 2431 recepit:
369 2374 435 2419 tuno
448 2368 577 2437 deinceps
589 2372 768 2435 Corbionem,
787 2371 876 2423 vitel-

70 2435 145 2497 lium,
162 2435 303 2497 Trebiam,
319 2436 449 2500 Lovicos,
463 2438 567 2490 Pedum
583 2442 664 2508 cepit.
700 2441 876 2493 Postremum

70 2505 106 2553 od
122 2506 218 2557 urbem
235 2505 338 2557 uPedo
355 2506 446 2571 ducit3
469 2514 506 2571 et,
523 2509 660 2561 adsessos
672 2512 788 2564 Cluilias
801 2512 875 2578 quin·

70 2587 121 2636 quo
134 2576 168 2623 ab
180 2577 247 2627 urbe
258 2577 348 2629 millia
363 2591 493 2644 passuum
510 2581 610 2630 eastris
625 2580 739 2646 positis,
760 2581 875 2648 populu-

70 2648 115 2691 tur
125 2643 189 2696 inde
200 2662 296 2715 agrum
306 2649 475 2714 Romanum3
495 2650 656 2702 custodibus
670 2650 743 2705 inter
758 2652 875 2719 popula·
