1860 2978
249 125 564 186 PRAEFATIO.

30 256 103 297 urae
131 234 336 310 probabilitate
358 236 460 293 duetus
488 236 682 314 corrigerem
710 232 748 293 ha

30 331 121 387 ioque
132 312 335 379 mutationum,
348 320 381 368 ut
392 320 551 367 ceterarum
563 313 705 381 omnium,
722 330 755 367 ra

30 408 70 445 ern
81 386 253 442 redditurus
266 387 297 441 in
307 386 552 453 annotationibus,
563 402 654 458 quae,
672 387 757 441 annul

30 481 58 518 se
71 478 123 517 eas
136 478 189 535 per
201 461 291 515 otium
302 460 452 516 absolvere
473 460 604 529 licuerit,
625 469 730 533 quarto
752 480 767 515 e

30 538 95 592 onis
116 536 236 590 maioris
260 542 336 589 tomo
360 535 559 590 subiicientur.
596 532 632 589 In
644 552 777 663 {roesam

30 613 93 679 rim,
105 618 141 663 ut
152 608 293 677 lectores,
311 609 414 681 quihus
431 610 463 663 in
474 609 545 663 locis
557 606 644 664 aDra
667 608 784 664 enborei.

30 683 179 740 mensione
191 682 431 753 discesserimfl),
453 700 512 737 uno
523 684 555 737 in
567 691 722 811 eonsKectu
733 684 791 740 vidi

30 768 88 827 ent,
107 774 161 829 pro
173 754 258 812 huius
270 757 405 814 editionis
418 758 540 813 oonsilio
553 758 624 812 satis
656 756 739 826 abui,
763 775 798 814 va

30 835 146 888 ietutem
174 831 329 888 lectionum
358 833 493 889 editionis
522 829 805 887 Drakenborchianau

30 906 99 962 diun
123 924 172 960 ere
182 944 191 973 ,
202 906 233 960 in
264 924 319 975 ua,
337 924 423 981 quarn
435 906 498 962 Liv.
510 904 548 975 ll,
562 908 606 963 12.
619 906 669 963 ira
680 906 811 978 infensas

30 924 160 1053 tquedib.
173 922 266 1049 xiii,
277 981 324 1036 48.
338 985 554 1057 quinquereme,
573 999 625 1054 pro
637 998 693 1054 quo
704 982 736 1036 in
754 978 815 1035 edi-

30 1061 90 1111 ssone
101 1055 212 1110 minore
223 1072 291 1130 qum
334 1055 461 1111 cremiis
484 1056 558 1123 itur,
576 1073 633 1110 non
649 1053 815 1110 mutandum

30 1148 91 1199 sse,
117 1146 155 1185 ex
172 1126 235 1185 Lin-
248 1127 271 1198 l,
284 1072 331 1185 dd
344 1139 374 1185 et
384 1131 434 1185 lib.
480 1125 562 1196 xvi,
580 1128 626 1183 51.
646 1145 711 1182 sero
730 1127 816 1183 intel-

30 1204 148 1273 ixerirn,
166 1213 249 1259 notas
262 1203 298 1259 ad
310 1205 389 1259 locos
400 1204 466 1259 iilos
477 1203 672 1276 pertinentes:
691 1198 758 1277 Cap.
771 1202 816 1259 12

30 1297 60 1335 ra
72 1275 220 1353 iaceam]
235 1280 283 1334 iro
293 1279 436 1350 infensus,
446 1287 546 1353 atque:
558 1275 631 1334 ibid.
644 1278 817 1354 quinquere-

30 1349 64 1428 μ’]
98 1354 147 1409 uin
188 1370 279 1408 eremo
285 1389 295 1420 ‚
309 1352 485 1410 inducendas
498 1371 561 1408 esse
571 1370 691 1424 moneo,
709 1369 819 1409 nona·

30 1370 102 1483 wod
111 1426 144 1482 iu
165 1427 233 1497 'ees,
245 1436 279 1483 ut
289 1425 332 1495 fit,
345 1428 463 1484 editoris
475 1428 684 1506 negligentiam
691 1434 816 1501 carpant.

37 1502 818 1577 raetereantriqueeditioniaeeosseruntdeperditarum

42 1576 92 1632 'vii
102 1575 281 1633 librorumfr
348 1587 425 1647 enta,
437 1577 541 1652 quibus
553 1586 670 1634 auctore
683 1585 712 1632 et
718 1592 819 1631 suaso·

50 1647 205 1707 Niedudrt'o
212 1669 300 1706 secun
319 1652 668 1725 umEpitomururuserieni
675 1652 818 1707 iniustum

56 1722 145 1779 iinem
154 1725 279 1781 redactis
297 1744 355 1781 non
373 1729 465 1783 solum
482 1727 581 1783 addidi
596 1726 819 1801 pretiosissimas

66 1798 162 1855 slibri
168 1801 345 1876 nonagesimi
354 1800 596 1875 primireliquias,
615 1795 819 1874 quasantehos

71 1888 143 1944 nque
155 1882 184 1928 et
195 1875 403 1953 quinquaginta
415 1893 506 1930 annos
518 1894 535 1929 a
547 1872 677 1930 Brousis
689 1870 821 1929 aeluse-

77 1945 99 2001 ·'o
109 1955 138 2000 et
149 1956 248 2003 nostra
260 1946 544 2004 aetuteaNiebudrio
556 1954 698 2003 aememet
708 1947 771 2019 ipso
782 1962 820 2003 ex

85 2019 271 2091 eeVatioano,
283 2039 373 2096 eoque
380 2024 572 2095 palimpsesto,
586 2021 677 2077 editas
684 2039 746 2077 esse
752 2040 821 2077 eon-

93 2098 134 2163 ²),
146 2096 197 2152 sed
209 2097 297 2151 etiam
309 2098 418 2153 inserui
430 2098 524 2152 locum
536 2093 628 2151 Tacit.
651 2095 746 2174 Agris.
760 2115 820 2170 cap.

98 2167 213 2227 {forma
225 2168 401 2241 Britanniae,
425 2172 460 2227 ab
477 2170 608 2227 omnibus
630 2173 746 2227 omnino
768 2170 821 2227 ho·

108 2280 233 2321 inurenda
242 2282 359 2323 verborum
367 2282 497 2323 Latinorum
509 2282 632 2337 scriptura,
646 2281 674 2322 de
684 2295 727 2336 quia
739 2282 821 2323 dmm.

113 2339 209 2384 tertaat,
222 2341 245 2378 et
252 2336 330 2379 adduc
346 2337 387 2379 sud
399 2336 514 2380 iudicetis
522 2343 564 2385 est,
573 2348 600 2379 es
610 2337 821 2390 ploruniquosscu.

131 2402 188 2444 quiue
201 2390 357 2448 Gratesendus
366 2397 389 2435 rt
399 2392 552 2435 Schneiderus
560 2393 584 2434 in
591 2392 748 2433 Granimrticis
757 2390 820 2432 Lati.

123 2445 315 2491 ruodmannus
328 2450 350 2490 in
360 2449 506 2491 Praefatione
516 2448 598 2490 libelii:
613 2448 704 2490 Soloeis
720 2459 733 2487 o
746 2446 820 2499 poetis

129 2503 225 2544 armins.
241 2504 305 2559 Lips.
315 2509 375 2549 1823.
387 2519 408 2559 p.
418 2510 438 2547 5.
449 2518 495 2558 sqq.
505 2503 546 2545 hae
556 2503 583 2545 de
591 2517 615 2546 re
624 2506 796 2599 praeseferunt.

141 2555 317 2609 iuuefrugmrnto
325 2561 356 2603 cf.
367 2560 596 2602 nostraAdunibratio
603 2557 697 2600 notitiae
715 2557 825 2603 iterarise

139 2613 155 2655 ii
164 2614 270 2657 Patavini
278 2617 429 2658 Historiarum
438 2616 489 2658 Lib.
498 2615 564 2659 XCI.
578 2613 731 2671 fragmento,
741 2616 840 2658 minse

144 2682 192 2713 reos
202 2670 309 2716 Vaticano
316 2680 417 2732 reperto.
438 2674 505 2737 Lips.
517 2678 583 2725 1813.
594 2672 757 2721 etRienenua
766 2668 853 2717 euius·
