1860 2978
67 146 119 202 uo
215 147 248 199 Τ.
266 144 370 199 mvn
389 145 434 212 [o.
447 145 477 197 e.
488 143 547 198 565.
558 142 716 213 noem]

69 256 142 306 seila
157 255 222 321 poni
238 254 350 303 iussum.
387 251 445 301 lam
461 256 525 301 onte
539 250 568 299 in
584 264 617 301 eo
630 250 735 317 religio
746 252 768 303 ei

70 328 249 392 apparuerat,
272 319 358 387 quod,
380 336 462 387 quum
472 320 501 371 in
510 318 625 385 publico
639 319 768 373 deessett

71 409 105 445 ex
121 408 174 459 quo
191 405 298 441 summa
312 395 411 456 pactae
426 389 561 441 mercedis
576 387 666 440 Gallis
684 388 768 441 confit

72 460 205 513 metronis
216 459 350 511 collatum
365 464 541 525 acceperant,
563 463 595 508 ut
606 473 689 510 suero
705 474 768 511 our(

72 536 192 582 necetur.
228 528 367 580 Muttonis
378 529 484 596 gratiae
495 532 584 589 outae,
595 525 742 595 honosque
753 544 768 581 u

72 606 216 660 uteorum,
237 600 309 650 sicut
320 600 451 661 virorum,
461 603 524 664 post
542 603 661 649 mortem
671 598 768 651 cullen

73 668 149 719 detio
165 674 247 719 esset.
284 668 465 734 lisperactis,
484 666 768 735 quaeaddeospertii

73 752 197 804 quaeque
208 752 257 803 por
268 743 393 788 senatum
404 737 450 804 agi
461 742 605 803 poteront3
615 742 676 787 tum
689 736 768 788 demo

74 807 197 858 tontibus
219 806 337 857 tribunis
358 807 467 873 plebem
481 805 602 858 assiduis
619 806 768 859 concionib

74 876 180 928 relictis
191 876 288 939 ruinis,
309 875 337 926 in
348 878 445 928 urbem
456 881 584 942 paratam
596 875 685 928 Veios
695 880 768 929 tram

74 950 151 1008 rent,
172 945 201 996 in
220 947 395 1007 concionem,
416 946 546 997 universo
561 951 662 998 uenatu
681 960 768 1012 proce

75 1015 207 1078 escendit,
219 1022 301 1081 atque
311 1015 353 1067 ito
362 1014 448 1067 verbo
456 1014 534 1066 fecit:

127 1084 173 1137 Li.
192 1084 265 1137 Adeo
277 1083 343 1138 milei
353 1084 465 1137 acerbae
478 1091 553 1148 eunt,
573 1081 712 1147 Quirites,
732 1099 768 1143 eu

76 1170 122 1208 net
132 1171 193 1207 cum
204 1153 319 1209 tribunis
328 1154 425 1222 plebis,
446 1161 477 1204 ut
488 1169 535 1206 nee
550 1161 703 1205 truentum
713 1154 768 1207 euti

77 1223 147 1276 tium
157 1224 234 1276 uliud
241 1223 392 1285 habuerim,
413 1223 502 1292 quoad
512 1220 617 1275 Ardeae
626 1222 701 1286 vixi,
720 1238 768 1291 que

72 1296 173 1364 procul
187 1294 220 1345 ab
235 1292 276 1346 iit
291 1292 480 1346 certaminibus
492 1308 585 1345 eram.-
604 1300 631 1343 et
650 1291 682 1343 ob
699 1294 768 1345 eade

76 1380 138 1425 tion,
147 1362 172 1414 ei
181 1378 222 1414 me
230 1364 459 1415 senatusconsulto
465 1360 614 1431 populique
624 1361 768 1417 tusum«

77 1430 217 1484 rediturus
229 1448 346 1500 unquam
350 1431 467 1503 fuerim.
504 1429 559 1483 Nee
569 1446 641 1483 etune
652 1447 703 1494 me,
716 1441 768 1487 utt

77 1516 136 1551 meu
151 1501 276 1552 uoluntas
296 1509 416 1561 mutatu,
435 1501 484 1552 ced
498 1509 588 1551 uestro
602 1501 728 1570 fortuna
745 1519 768 1571 p

78 1567 187 1639 quippe,
208 1577 239 1619 ut
251 1569 280 1620 in
291 1584 340 1620 tua
355 1569 414 1619 cede
424 1578 546 1621 maneret
557 1569 668 1637 patria,
689 1570 721 1621 id
729 1588 768 1642 og

77 1655 131 1692 teon
141 1647 173 1689 ut
183 1654 232 1707 ego
243 1636 337 1706 utique
344 1636 372 1689 in
379 1635 475 1704 patrie
486 1654 575 1690 emem-
590 1637 708 1691 Etnuue
720 1641 768 1706 qni

77 1725 110 1759 uc
122 1716 238 1760 tacerem
248 1706 369 1770 libenter,
387 1707 440 1760 nisi
449 1706 515 1760 ilaec
526 1725 628 1776 quoque
635 1725 689 1775 pro
696 1720 768 1776 patr

77 1777 149 1829 cotio
159 1787 241 1830 emet:
251 1777 295 1830 cui
306 1779 399 1841 deesse,
409 1778 562 1847 quoad'oitu
574 1787 712 1845 oppetat,
725 1780 768 1833 eit

79 1845 193 1901 Camillo
205 1848 287 1901 etiam
296 1847 375 1918 nesae
384 1857 433 1900 eet.
471 1845 544 1910 Quid
552 1848 621 1900 euim
632 1848 768 1915 repetiimt

78 1917 208 1970 obsessum
220 1937 253 1972 ex
261 1919 377 1972 hostium
388 1916 509 1971 titanibus
520 1915 684 1984 eripuimus,
704 1919 731 1970 ei
741 1936 768 1970 re

77 1996 135 2039 tom
146 1988 200 2056 ipsi
209 1990 369 2042 deserimus?
384 1998 411 2041 et
420 2005 508 2056 quum,
523 1986 671 2039 uictoribus
687 1988 768 2041 Galli

78 2066 136 2107 tota
147 2058 222 2121 urbe,
235 2057 397 2125 Capitolium
408 2067 496 2110 tamen
505 2066 587 2122 utque
598 2073 688 2108 urcem
699 2057 768 2124 diiqe

76 2124 161 2176 utinee
171 2125 288 2179 Romani
297 2128 443 2190 tenuerint,
454 2125 652 2179 habitauerint:
671 2126 768 2179 uictore

76 2193 172 2256 munic,
187 2205 344 2259 recuperata
356 2196 428 2258 urbe,
444 2213 498 2249 arx
509 2212 611 2263 quoque
621 2205 645 2248 et
660 2194 768 2262 Cupite·

77 2263 198 2313 teretur?
217 2271 243 2310 et
253 2264 316 2328 plue
333 2264 472 2316 uastitatis
487 2265 550 2318 huic
569 2265 632 2316 urbi
653 2268 768 2319 secunde

73 2329 296 2403 fortunasaciet‚
307 2349 386 2399 quam
397 2334 508 2386 adversa
514 2336 604 2407 fecit?
618 2335 768 2402 Equidem,

78 2417 139 2452 cum
149 2400 214 2453 urbe
224 2399 303 2452 timul
309 2401 414 2468 poeitae
427 2405 599 2472 traditaeque
606 2420 658 2471 per
669 2422 769 2459 tticum

76 2487 122 2522 nee
133 2474 221 2524 nullae
237 2481 334 2534 extent,
355 2481 444 2524 tomen
455 2482 511 2524 tam
522 2474 627 2525 evidens
640 2491 741 2528 numen
757 2476 768 2527 i

68 2550 181 2608 peitate
192 2541 270 2593 reiut
282 2539 369 2612 affuit
376 2539 516 2604 Romanu,
528 2552 559 2594 ut
571 2560 671 2595 eirenem
683 2546 768 2616 neglig

66 2610 159 2668 micui
167 2616 260 2669 cultui
269 2623 427 2687 exemptum
435 2611 589 2667 nominituo
601 2622 704 2677 putem=
738 2615 768 2665 iu

56 2685 131 2740 enim
144 2686 250 2746 horum
261 2689 394 2763 deinceps
407 2699 545 2743 annocum
554 2681 599 2733 oet
609 2678 768 2730 ceconomo
