1860 2978
10 39 31 159 Ι
111 114 193 166 LlB.
204 114 225 165 l.
244 112 328 166 cAP.
340 112 383 166 58.
394 112 437 166 59.
457 112 501 180 [U.
513 113 541 164 C.
554 130 610 164 220.
630 112 662 164 A.
673 112 704 165 C.
716 114 784 183 552]
826 116 859 168 ⁷1

52 224 185 277 iniuriam
195 221 355 293 sanguinem
364 223 434 286 iare,
449 238 555 290 eatque,
566 222 613 284 dii,
630 222 805 295 tectetfacio,
819 240 859 274 me

53 292 84 346 la.
93 292 279 359 Tarquinium
296 290 458 359 Superbum,
479 306 538 345 cem
555 294 686 345 scelerata
702 291 817 361 coniuge
834 301 860 344 et

52 363 125 417 omni
136 362 285 415 citerorum
295 362 387 429 stirpe,
398 363 489 434 ferre,
509 361 580 430 igni,
596 378 753 429 quacunque
765 361 860 414 debinc

53 432 80 486 ei
90 431 211 501 purtim,
232 440 435 485 exterritarum.-
455 449 503 484 nec
516 433 591 496 illoc,
610 449 658 484 nec
673 433 756 483 alium
771 447 860 499 quem-

53 518 135 570 quam
156 518 275 572 regnare
294 501 398 555 Romae
417 518 568 569 presterum.
615 502 741 553 Cultrum
760 500 860 552 deinde

54 568 200 625 collatino
211 572 314 636 tradit3
324 572 390 624 inde
401 570 534 624 Lucretio
546 587 579 624 ae
589 562 714 635 Valerio,
726 571 861 639 stupenti·

53 643 106 694 bur
116 641 258 693 miraculo
267 644 319 705 rei,
338 640 411 694 unde
421 657 522 693 nevum
532 642 562 692 iu
573 641 654 693 Bruti
663 647 776 710 pectore
786 643 862 709 inge·

52 713 140 764 nium.
177 712 217 762 Ut
226 718 404 778 praeceptum
417 716 485 774 erat,
494 712 599 763 iurant:
622 715 729 778 totique
739 713 773 764 ab
783 712 862 763 luctu

53 778 261 842 ranimirum,
271 781 396 841 Brutum,
406 781 463 831 iarn
473 780 539 834 inde
551 779 587 832 ad
599 782 809 850 expugnandum
821 795 861 832 re·

53 864 141 919 gnum
153 854 315 912 vocantem,
336 855 489 915 sequuntur
504 849 610 901 ducem.
646 852 761 903 Elatum
777 850 860 902 demo

52 921 209 973 Lucretiae
218 933 320 988 corpus
328 919 358 969 iu
366 918 459 970 ferum
471 918 608 982 deferunt,
621 920 802 987 concientque
812 920 862 971 mi·

51 990 169 1053 raculo,
188 994 221 1041 ut
232 990 280 1052 lit,
300 988 342 1040 rei
350 1003 438 1040 nevae
449 994 533 1054 atque
547 988 714 1056 indignitate
725 988 861 1040 hemines:

55 1075 108 1127 pre
118 1075 151 1112 ee
164 1059 282 1127 quisque
292 1060 383 1111 scelus
393 1057 501 1125 regium
513 1058 612 1109 aerim
623 1066 783 1126 queruntur.
803 1059 863 1109 Μο-

54 1136 103 1183 ret
112 1135 175 1181 tum
186 1130 277 1195 patris
286 1128 439 1190 maestitia,
459 1132 520 1177 turn
529 1126 642 1190 Brutus,
661 1128 815 1194 castigator
825 1126 864 1178 la·

10 1227 12 1235 ·
55 1202 209 1253 mimarum
230 1194 314 1267 atque
336 1199 470 1250 inertium
492 1196 679 1264 querelarum,
705 1202 865 1263 auctorque,

10 1306 12 1311 ι
56 1270 132 1337 qued
142 1269 235 1332 viros,
256 1269 330 1337 quod
341 1269 482 1319 Romanos
499 1264 624 1329 deceret,
647 1280 725 1319 arma
736 1266 865 1334 capiendi

10 1339 13 1345 '
58 1339 194 1390 adversus
204 1336 323 1390 hostilia
333 1349 425 1389 auses.
450 1332 653 1387 Ferocissimus
664 1336 780 1405 quisque
790 1338 864 1388 iuve-

56 1424 122 1459 num
132 1422 197 1459 eum
208 1409 294 1456 armis
303 1402 477 1456 voluntarius
487 1402 580 1457 adest:
597 1408 721 1474 requitur
731 1413 759 1460 et
771 1413 865 1459 cetera

56 1479 197 1530 iuventus.
233 1473 316 1536 lude,
335 1474 397 1540 pari
413 1472 553 1542 praesidio
569 1476 668 1530 relicte
680 1478 818 1530 Collatiae
829 1474 866 1527 ad

57 1554 165 1615 portu,
186 1543 403 1611 custodibusque
413 1545 494 1607 datis,
512 1558 547 1597 ne
575 1546 620 1598 uis
634 1562 696 1600 eum
707 1553 813 1599 motum
823 1561 866 1597 re·

57 1616 141 1686 gibus
151 1613 304 1676 nuntiaret,
325 1614 410 1666 ceteri
420 1616 531 1678 armati,
552 1560 729 1680 gueeBruto,
747 1617 865 1669 Romam

58 1685 189 1754 prefecti.
227 1684 280 1736 Ubi
291 1699 324 1736 eo
335 1689 444 1735 rentum
458 1690 509 1746 eet,
525 1700 687 1754 quacunque
697 1684 810 1749 incedit,
824 1700 867 1737 ar·

59 1762 139 1808 mata
145 1753 298 1806 multitudo
307 1768 439 1819 pavorem
451 1768 483 1805 ac
491 1756 641 1807 tumultum
652 1755 732 1809 iacit.
751 1757 866 1818 Rursus,

58 1826 110 1877 ubi
123 1825 233 1877 antcire
247 1824 385 1890 primores
399 1824 523 1875 civitatis
541 1826 651 1889 rident,
672 1826 804 1893 quicquid
819 1826 866 1888 eit,

59 1894 311 1948 heudtemerecsse
317 1900 420 1945 rentur.
435 1893 637 1946 Necminerem
646 1902 753 1945 motum
762 1895 867 1944 anime·

60 1980 123 2016 rum
134 1965 240 2016 Romae
249 1968 309 2014 tarn
321 1970 403 2015 atrox
413 1976 459 2014 res
468 1960 547 2024 iacit,
557 1977 638 2028 quam
646 1962 785 2014 Collatiae
795 1961 868 2015 fece·

59 2041 113 2087 rat.
149 2035 227 2101 Ergo
238 2046 274 2085 ex
285 2034 410 2085 omnibus
419 2030 491 2083 loeis
501 2031 579 2083 urbis
589 2032 619 2083 in
630 2030 722 2083 ferum
738 2032 866 2085 curritur.

58 2105 123 2167 Quo
133 2103 219 2155 simul
227 2110 340 2156 ventum
352 2109 404 2165 eet,
418 2116 518 2170 praeeo
530 2100 566 2152 ad
577 2103 719 2154 tribunum
730 2102 866 2167 Celerum,

58 2176 88 2226 in
104 2188 160 2241 quo
176 2178 236 2224 tum
250 2172 416 2241 magistratu
433 2171 506 2224 ferte
520 2171 625 2223 Brutus
641 2182 714 2238 erat,
733 2174 866 2242 populum

59 2244 221 2297 advocavit.
245 2242 288 2295 lbi
300 2244 393 2295 eratin
402 2241 507 2305 habita,
517 2258 689 2312 nequaquam
701 2244 761 2297 eius
773 2252 866 2312 pecto·

58 2315 99 2366 rie
110 2314 282 2382 ingeniique,
300 2312 377 2380 quod
387 2313 548 2364 simulatum
560 2313 595 2365 ad
607 2330 668 2367 eam
679 2316 752 2371 diem
764 2313 867 2376 suerat,

59 2385 134 2438 deni
150 2398 184 2436 ac
198 2384 317 2436 libidine
332 2382 395 2436 Sex.
406 2383 565 2450 Tarquinii,
586 2385 621 2437 de
635 2392 732 2453 stupro
748 2382 866 2434 infando

58 2456 210 2508 Lucretiae
220 2459 248 2505 et
258 2453 413 2507 miserabili
424 2453 517 2516 caede,
528 2453 561 2506 dc
569 2451 872 2516 orbitatcTriciqitini,

59 2527 106 2579 cui
117 2533 209 2579 morte
219 2525 295 2578 tiliae
307 2540 390 2578 eausa
403 2524 505 2578 mertis
519 2524 669 2598 indignier
685 2540 723 2578 ac
733 2518 888 2572 reimerum-

56 2596 117 2649 lier
126 2602 207 2648 erret.
241 2596 347 2651 Addita
362 2600 501 2668 superbia
515 2600 612 2672 ipsius
625 2598 730 2666 regie,
749 2589 910 2644 miseriae·

47 2681 102 2730 ⁹¹¹0
112 2670 141 2716 0⁸
150 2665 265 2720 1³b0r0³
273 2669 380 2741 plebis,
393 2675 429 2729 in
435 2674 537 2732 fessae
544 2675 737 2741 cloacasque
742 2659 925 2720 culiaur'xew
