<?xml version="1.0" encoding="UTF-8"?>
<!DOCTYPE html PUBLIC "-//W3C//DTD XHTML 1.0 Transitional//EN"
    "http://www.w3.org/TR/xhtml1/DTD/xhtml1-transitional.dtd">
<html xmlns="http://www.w3.org/1999/xhtml" xml:lang="en" lang="en">
 <head>
  <title>
</title>
<meta http-equiv="Content-Type" content="text/html;charset=utf-8" />
  <meta name='ocr-system' content='tesseract 3.04.00' />
  <meta name='ocr-capabilities' content='ocr_page ocr_carea ocr_par ocr_line ocrx_word'/>
</head>
<body>
  <div class='ocr_page' id='page_1' title='image "./tliviipatavinih03livigoog_0148.png"; bbox 0 0 1860 2978; ppageno 0'>
   <div class='ocr_carea' id='block_1_1' title="bbox 57 110 861 181">
    <p class='ocr_par' dir='ltr' id='par_1_1' title="bbox 57 110 861 181">
     <span class='ocr_line' id='line_1_1' title="bbox 57 110 861 181; baseline 0.004 -16"><span class='ocrx_word' id='word_1_1' title='bbox 57 112 127 167; x_wconf 63' lang='lat' dir='ltr'>1„ss.</span> <span class='ocrx_word' id='word_1_2' title='bbox 133 110 251 166; x_wconf 76' lang='grc'><strong>0.42.43.</strong></span> <span class='ocrx_word' id='word_1_3' title='bbox 262 111 796 181; x_wconf 66' lang='lat' dir='ltr'>[v.c.271.A.c.4a1.11.c.273..l.c.int]</span> <span class='ocrx_word' id='word_1_4' title='bbox 811 116 861 168; x_wconf 88' lang='lat'>121</span> 
     </span>
    </p>
   </div>
   <div class='ocr_carea' id='block_1_2' title="bbox 56 214 899 2645">
    <p class='ocr_par' dir='ltr' id='par_1_2' title="bbox 56 214 870 2235">
     <span class='ocr_line' id='line_1_2' title="bbox 59 214 863 285; baseline 0 -16"><span class='ocrx_word' id='word_1_5' title='bbox 59 219 177 285; x_wconf 75' lang='lat' dir='ltr'>equites.</span> <span class='ocrx_word' id='word_1_6' title='bbox 215 216 340 269; x_wconf 83' lang='lat' dir='ltr'>Castoris</span> <span class='ocrx_word' id='word_1_7' title='bbox 351 214 433 267; x_wconf 89' lang='lat' dir='ltr'>aedes</span> <span class='ocrx_word' id='word_1_8' title='bbox 445 216 542 269; x_wconf 89' lang='lat' dir='ltr'>eodem</span> <span class='ocrx_word' id='word_1_9' title='bbox 553 233 624 269; x_wconf 87' lang='lat' dir='ltr'>anno</span> <span class='ocrx_word' id='word_1_10' title='bbox 636 218 730 271; x_wconf 87' lang='lat' dir='ltr'>ldibns</span> <span class='ocrx_word' id='word_1_11' title='bbox 755 216 863 278; x_wconf 75' lang='lat' dir='ltr'>Quinti-</span> 
     </span>
     <span class='ocr_line' id='line_1_3' title="bbox 59 284 862 351; baseline 0 -11"><span class='ocrx_word' id='word_1_12' title='bbox 59 288 132 340; x_wconf 88' lang='lat' dir='ltr'>libus</span> <span class='ocrx_word' id='word_1_13' title='bbox 145 285 275 338; x_wconf 87' lang='lat' dir='ltr'>dedicata</span> <span class='ocrx_word' id='word_1_14' title='bbox 289 294 341 337; x_wconf 89' lang='lat' dir='ltr'>est.</span> <span class='ocrx_word' id='word_1_15' title='bbox 377 284 453 337; x_wconf 88' lang='lat' dir='ltr'>Vota</span> <span class='ocrx_word' id='word_1_16' title='bbox 469 293 530 339; x_wconf 88' lang='lat' dir='ltr'>erat</span> <span class='ocrx_word' id='word_1_17' title='bbox 544 286 646 339; x_wconf 88' lang='lat' dir='ltr'>Latino</span> <span class='ocrx_word' id='word_1_18' title='bbox 661 289 747 351; x_wconf 91' lang='lat' dir='ltr'>bello,</span> <span class='ocrx_word' id='word_1_19' title='bbox 766 288 862 340; x_wconf 86' lang='lat' dir='ltr'>Postu-</span> 
     </span>
     <span class='ocr_line' id='line_1_4' title="bbox 59 352 863 425; baseline 0.001 -17"><span class='ocrx_word' id='word_1_20' title='bbox 59 357 119 408; x_wconf 92' lang='lat' dir='ltr'>mio</span> <span class='ocrx_word' id='word_1_21' title='bbox 129 356 280 407; x_wconf 79' lang='lat' dir='ltr'>dictatore:</span> <span class='ocrx_word' id='word_1_22' title='bbox 299 354 373 405; x_wconf 88' lang='lat' dir='ltr'>lilius</span> <span class='ocrx_word' id='word_1_23' title='bbox 385 355 454 411; x_wconf 82' lang='lat' dir='ltr'>eius,</span> <span class='ocrx_word' id='word_1_24' title='bbox 466 355 592 408; x_wconf 84' lang='lat' dir='ltr'>duumvir</span> <span class='ocrx_word' id='word_1_25' title='bbox 602 358 638 408; x_wconf 88' lang='lat' dir='ltr'>ad</span> <span class='ocrx_word' id='word_1_26' title='bbox 648 352 680 408; x_wconf 87' lang='lat' dir='ltr'>id</span> <span class='ocrx_word' id='word_1_27' title='bbox 687 359 777 425; x_wconf 91' lang='lat' dir='ltr'>ipsum</span> <span class='ocrx_word' id='word_1_28' title='bbox 789 375 863 411; x_wconf 87' lang='lat' dir='ltr'>crea-</span> 
     </span>
     <span class='ocr_line' id='line_1_5' title="bbox 60 424 863 489; baseline 0.004 -12"><span class='ocrx_word' id='word_1_29' title='bbox 60 435 115 489; x_wconf 88' lang='lat' dir='ltr'>tus,</span> <span class='ocrx_word' id='word_1_30' title='bbox 127 426 275 479; x_wconf 84' lang='lat' dir='ltr'>dedicarit.</span> <span class='ocrx_word' id='word_1_31' title='bbox 311 424 464 476; x_wconf 88' lang='lat' dir='ltr'>Sollicitati</span> <span class='ocrx_word' id='word_1_32' title='bbox 475 433 503 477; x_wconf 92' lang='lat' dir='ltr'>et</span> <span class='ocrx_word' id='word_1_33' title='bbox 515 441 547 478; x_wconf 92' lang='lat' dir='ltr'>eo</span> <span class='ocrx_word' id='word_1_34' title='bbox 560 442 631 477; x_wconf 87' lang='lat' dir='ltr'>anno</span> <span class='ocrx_word' id='word_1_35' title='bbox 643 435 706 479; x_wconf 88' lang='lat' dir='ltr'>sunt</span> <span class='ocrx_word' id='word_1_36' title='bbox 718 428 863 480; x_wconf 78' lang='lat' dir='ltr'>dulcedine</span> 
     </span>
     <span class='ocr_line' id='line_1_6' title="bbox 61 494 863 565; baseline -0.004 -15"><span class='ocrx_word' id='word_1_37' title='bbox 61 497 190 564; x_wconf 75' lang='lat' dir='ltr'>agrariae</span> <span class='ocrx_word' id='word_1_38' title='bbox 201 496 274 562; x_wconf 78' lang='lat' dir='ltr'>legis</span> <span class='ocrx_word' id='word_1_39' title='bbox 286 494 371 546; x_wconf 87' lang='lat' dir='ltr'>animi</span> <span class='ocrx_word' id='word_1_40' title='bbox 384 494 481 561; x_wconf 87' lang='lat' dir='ltr'>plebis.</span> <span class='ocrx_word' id='word_1_41' title='bbox 518 496 635 547; x_wconf 79' lang='lat' dir='ltr'>Tribuni</span> <span class='ocrx_word' id='word_1_42' title='bbox 649 497 737 563; x_wconf 91' lang='lat' dir='ltr'>plebis</span> <span class='ocrx_word' id='word_1_43' title='bbox 749 498 863 565; x_wconf 82' lang='lat' dir='ltr'>populo-</span> 
     </span>
     <span class='ocr_line' id='line_1_7' title="bbox 59 564 863 633; baseline -0.004 -14"><span class='ocrx_word' id='word_1_44' title='bbox 59 582 120 619; x_wconf 86' lang='lat' dir='ltr'>rem</span> <span class='ocrx_word' id='word_1_45' title='bbox 130 571 301 633; x_wconf 86' lang='lat' dir='ltr'>potestatom</span> <span class='ocrx_word' id='word_1_46' title='bbox 315 565 378 630; x_wconf 86' lang='lat' dir='ltr'>lege</span> <span class='ocrx_word' id='word_1_47' title='bbox 391 564 521 631; x_wconf 84' lang='lat' dir='ltr'>populari</span> <span class='ocrx_word' id='word_1_48' title='bbox 532 566 718 619; x_wconf 77' lang='lat' dir='ltr'>celebrabant.</span> <span class='ocrx_word' id='word_1_49' title='bbox 753 566 863 628; x_wconf 84' lang='lat' dir='ltr'>Patres,</span> 
     </span>
     <span class='ocr_line' id='line_1_8' title="bbox 60 633 863 703; baseline -0.001 -15"><span class='ocrx_word' id='word_1_50' title='bbox 60 635 128 688; x_wconf 84' lang='lat' dir='ltr'>satis</span> <span class='ocrx_word' id='word_1_51' title='bbox 138 650 275 703; x_wconf 77' lang='lat' dir='ltr'>superque</span> <span class='ocrx_word' id='word_1_52' title='bbox 285 634 403 702; x_wconf 82' lang='lat' dir='ltr'>gratuiti</span> <span class='ocrx_word' id='word_1_53' title='bbox 411 633 514 687; x_wconf 77' lang='lat' dir='ltr'>fluoris</span> <span class='ocrx_word' id='word_1_54' title='bbox 525 635 554 685; x_wconf 88' lang='lat' dir='ltr'>in</span> <span class='ocrx_word' id='word_1_55' title='bbox 563 635 743 688; x_wconf 89' lang='lat' dir='ltr'>multitudine</span> <span class='ocrx_word' id='word_1_56' title='bbox 752 636 863 688; x_wconf 88' lang='lat' dir='ltr'>creden-</span> 
     </span>
     <span class='ocr_line' id='line_1_9' title="bbox 59 704 863 772; baseline -0.004 -13"><span class='ocrx_word' id='word_1_57' title='bbox 59 712 104 759; x_wconf 89' lang='lat' dir='ltr'>tes</span> <span class='ocrx_word' id='word_1_58' title='bbox 115 721 185 768; x_wconf 90' lang='lat' dir='ltr'>esse,</span> <span class='ocrx_word' id='word_1_59' title='bbox 200 704 367 770; x_wconf 75' lang='lat' dir='ltr'>largitiones</span> <span class='ocrx_word' id='word_1_60' title='bbox 378 705 598 772; x_wconf 81' lang='lat' dir='ltr'>temeritatisque</span> <span class='ocrx_word' id='word_1_61' title='bbox 609 706 790 758; x_wconf 81' lang='lat' dir='ltr'>invitamenta</span> <span class='ocrx_word' id='word_1_62' title='bbox 800 705 863 757; x_wconf 89' lang='lat' dir='ltr'>hor-</span> 
     </span>
     <span class='ocr_line' id='line_1_10' title="bbox 59 772 864 829; baseline -0.004 -1"><span class='ocrx_word' id='word_1_63' title='bbox 59 775 169 829; x_wconf 84' lang='lat' dir='ltr'>rebant.</span> <span class='ocrx_word' id='word_1_64' title='bbox 179 774 317 827; x_wconf 77' lang='lat' dir='ltr'>Acerrimi</span> <span class='ocrx_word' id='word_1_65' title='bbox 324 772 452 825; x_wconf 90' lang='lat' dir='ltr'>Patribus</span> <span class='ocrx_word' id='word_1_66' title='bbox 464 774 548 826; x_wconf 88' lang='lat' dir='ltr'>duces</span> <span class='ocrx_word' id='word_1_67' title='bbox 559 775 596 826; x_wconf 90' lang='lat' dir='ltr'>ad</span> <span class='ocrx_word' id='word_1_68' title='bbox 606 775 791 828; x_wconf 84' lang='lat' dir='ltr'>resistendum</span> <span class='ocrx_word' id='word_1_69' title='bbox 802 790 864 825; x_wconf 86' lang='lat' dir='ltr'>con·</span> 
     </span>
     <span class='ocr_line' id='line_1_11' title="bbox 59 842 864 911; baseline -0.006 -14"><span class='ocrx_word' id='word_1_70' title='bbox 59 845 135 897; x_wconf 81' lang='lat' dir='ltr'>aulea</span> <span class='ocrx_word' id='word_1_71' title='bbox 144 843 235 897; x_wconf 80' lang='lat' dir='ltr'>tuere.</span> <span class='ocrx_word' id='word_1_72' title='bbox 269 844 313 895; x_wconf 89' lang='lat' dir='ltr'>Ea</span> <span class='ocrx_word' id='word_1_73' title='bbox 322 842 408 911; x_wconf 79' lang='lat' dir='ltr'>igitur</span> <span class='ocrx_word' id='word_1_74' title='bbox 418 860 482 911; x_wconf 85' lang='lat' dir='ltr'>pars</span> <span class='ocrx_word' id='word_1_75' title='bbox 493 845 662 911; x_wconf 90' lang='lat' dir='ltr'>reipublicae</span> <span class='ocrx_word' id='word_1_76' title='bbox 675 844 753 897; x_wconf 88' lang='lat' dir='ltr'>vicit:</span> <span class='ocrx_word' id='word_1_77' title='bbox 774 859 825 896; x_wconf 90' lang='lat' dir='ltr'>nec</span> <span class='ocrx_word' id='word_1_78' title='bbox 835 844 864 893; x_wconf 92' lang='lat' dir='ltr'>in</span> 
     </span>
     <span class='ocr_line' id='line_1_12' title="bbox 58 912 864 982; baseline -0.004 -16"><span class='ocrx_word' id='word_1_79' title='bbox 58 913 307 982; x_wconf 61' lang='lat' dir='ltr'>praesenstodo,</span> <span class='ocrx_word' id='word_1_80' title='bbox 328 912 378 965; x_wconf 88' lang='lat' dir='ltr'>sed</span> <span class='ocrx_word' id='word_1_81' title='bbox 392 914 422 964; x_wconf 93' lang='lat' dir='ltr'>in</span> <span class='ocrx_word' id='word_1_82' title='bbox 435 914 593 966; x_wconf 79' lang='lat' dir='ltr'>venientem</span> <span class='ocrx_word' id='word_1_83' title='bbox 607 915 693 969; x_wconf 90' lang='lat' dir='ltr'>etiam</span> <span class='ocrx_word' id='word_1_84' title='bbox 709 929 810 966; x_wconf 84' lang='lat' dir='ltr'>annum</span> <span class='ocrx_word' id='word_1_85' title='bbox 824 913 864 964; x_wconf 91' lang='lat' dir='ltr'>M.</span> 
     </span>
     <span class='ocr_line' id='line_1_13' title="bbox 58 982 865 1052; baseline -0.005 -15"><span class='ocrx_word' id='word_1_86' title='bbox 58 984 181 1037; x_wconf 84' lang='lat' dir='ltr'>Fabium</span> <span class='ocrx_word' id='word_1_87' title='bbox 188 982 327 1036; x_wconf 87' lang='lat' dir='ltr'>Kaesonis</span> <span class='ocrx_word' id='word_1_88' title='bbox 338 982 464 1045; x_wconf 81' lang='lat' dir='ltr'>fratrem,</span> <span class='ocrx_word' id='word_1_89' title='bbox 475 990 504 1034; x_wconf 87' lang='lat' dir='ltr'>et</span> <span class='ocrx_word' id='word_1_90' title='bbox 514 986 604 1052; x_wconf 77' lang='lat' dir='ltr'>magis</span> <span class='ocrx_word' id='word_1_91' title='bbox 615 984 734 1035; x_wconf 80' lang='lat' dir='ltr'>inrisum</span> <span class='ocrx_word' id='word_1_92' title='bbox 746 983 865 1035; x_wconf 90' lang='lat' dir='ltr'>alterum</span> 
     </span>
     <span class='ocr_line' id='line_1_14' title="bbox 58 1051 865 1122; baseline -0.005 -17"><span class='ocrx_word' id='word_1_93' title='bbox 58 1052 148 1122; x_wconf 92' lang='lat' dir='ltr'>plebi,</span> <span class='ocrx_word' id='word_1_94' title='bbox 166 1052 343 1105; x_wconf 85' lang='lat' dir='ltr'>accusatione</span> <span class='ocrx_word' id='word_1_95' title='bbox 355 1051 400 1120; x_wconf 89' lang='lat' dir='ltr'>Sp.</span> <span class='ocrx_word' id='word_1_96' title='bbox 413 1052 515 1114; x_wconf 83' lang='lat' dir='ltr'>Cassii,</span> <span class='ocrx_word' id='word_1_97' title='bbox 536 1051 569 1105; x_wconf 90' lang='lat' dir='ltr'>L.</span> <span class='ocrx_word' id='word_1_98' title='bbox 582 1051 728 1104; x_wconf 87' lang='lat' dir='ltr'>Valerium</span> <span class='ocrx_word' id='word_1_99' title='bbox 739 1053 865 1103; x_wconf 88' lang='lat' dir='ltr'>consules</span> 
     </span>
     <span class='ocr_line' id='line_1_15' title="bbox 59 1120 865 1190; baseline -0.005 -15"><span class='ocrx_word' id='word_1_100' title='bbox 59 1122 149 1175; x_wconf 84' lang='lat' dir='ltr'>dedit.</span> <span class='ocrx_word' id='word_1_101' title='bbox 185 1124 329 1175; x_wconf 78' lang='lat' dir='ltr'>Certatum</span> <span class='ocrx_word' id='word_1_102' title='bbox 348 1138 381 1174; x_wconf 90' lang='lat' dir='ltr'>eo</span> <span class='ocrx_word' id='word_1_103' title='bbox 394 1136 503 1190; x_wconf 89' lang='lat' dir='ltr'>quoque</span> <span class='ocrx_word' id='word_1_104' title='bbox 520 1136 664 1173; x_wconf 90' lang='lat' dir='ltr'>annocum</span> <span class='ocrx_word' id='word_1_105' title='bbox 679 1120 800 1172; x_wconf 87' lang='lat' dir='ltr'>tribunis</span> <span class='ocrx_word' id='word_1_106' title='bbox 813 1126 865 1171; x_wconf 89' lang='lat' dir='ltr'>est.</span> 
     </span>
     <span class='ocr_line' id='line_1_16' title="bbox 58 1189 866 1256; baseline -0.007 -11"><span class='ocrx_word' id='word_1_107' title='bbox 58 1191 143 1245; x_wconf 86' lang='lat' dir='ltr'>Vana</span> <span class='ocrx_word' id='word_1_108' title='bbox 153 1190 212 1254; x_wconf 85' lang='lat' dir='ltr'>lex,</span> <span class='ocrx_word' id='word_1_109' title='bbox 232 1192 352 1256; x_wconf 81' lang='lat' dir='ltr'>vanique</span> <span class='ocrx_word' id='word_1_110' title='bbox 361 1192 434 1255; x_wconf 80' lang='lat' dir='ltr'>legis</span> <span class='ocrx_word' id='word_1_111' title='bbox 446 1195 587 1250; x_wconf 85' lang='lat' dir='ltr'>auctores,</span> <span class='ocrx_word' id='word_1_112' title='bbox 606 1189 739 1242; x_wconf 87' lang='lat' dir='ltr'>iactando</span> <span class='ocrx_word' id='word_1_113' title='bbox 754 1189 866 1239; x_wconf 90' lang='lat' dir='ltr'>irritum</span> 
     </span>
     <span class='ocr_line' id='line_1_17' title="bbox 58 1256 866 1329; baseline -0.006 -15"><span class='ocrx_word' id='word_1_114' title='bbox 58 1276 175 1324; x_wconf 89' lang='lat' dir='ltr'>munus,</span> <span class='ocrx_word' id='word_1_115' title='bbox 192 1259 270 1312; x_wconf 86' lang='lat' dir='ltr'>facti.</span> <span class='ocrx_word' id='word_1_116' title='bbox 306 1259 424 1311; x_wconf 86' lang='lat' dir='ltr'>Fabium</span> <span class='ocrx_word' id='word_1_117' title='bbox 439 1256 505 1308; x_wconf 91' lang='lat' dir='ltr'>inde</span> <span class='ocrx_word' id='word_1_118' title='bbox 515 1258 722 1329; x_wconf 79' lang='lat' dir='ltr'>nomeningens</span> <span class='ocrx_word' id='word_1_119' title='bbox 734 1262 866 1325; x_wconf 88' lang='lat' dir='ltr'>posttres</span> 
     </span>
     <span class='ocr_line' id='line_1_18' title="bbox 60 1327 866 1394; baseline -0.005 -11"><span class='ocrx_word' id='word_1_120' title='bbox 60 1330 208 1383; x_wconf 89' lang='lat' dir='ltr'>continuos</span> <span class='ocrx_word' id='word_1_121' title='bbox 219 1328 386 1391; x_wconf 81' lang='lat' dir='ltr'>consulatus,</span> <span class='ocrx_word' id='word_1_122' title='bbox 398 1341 506 1394; x_wconf 91' lang='lat' dir='ltr'>unoque</span> <span class='ocrx_word' id='word_1_123' title='bbox 517 1327 595 1379; x_wconf 80' lang='lat' dir='ltr'>velut</span> <span class='ocrx_word' id='word_1_124' title='bbox 606 1334 704 1381; x_wconf 88' lang='lat' dir='ltr'>tenore</span> <span class='ocrx_word' id='word_1_125' title='bbox 715 1343 811 1380; x_wconf 89' lang='lat' dir='ltr'>omnes</span> <span class='ocrx_word' id='word_1_126' title='bbox 821 1342 866 1380; x_wconf 86' lang='lat' dir='ltr'>ex-</span> 
     </span>
     <span class='ocr_line' id='line_1_19' title="bbox 56 1396 866 1469; baseline -0.009 -14"><span class='ocrx_word' id='word_1_127' title='bbox 56 1406 157 1469; x_wconf 78' lang='lat' dir='ltr'>portos</span> <span class='ocrx_word' id='word_1_128' title='bbox 177 1397 335 1450; x_wconf 86' lang='lat' dir='ltr'>tribuniciis</span> <span class='ocrx_word' id='word_1_129' title='bbox 356 1396 568 1461; x_wconf 78' lang='lat' dir='ltr'>certaminibus,</span> <span class='ocrx_word' id='word_1_130' title='bbox 588 1396 724 1451; x_wconf 87' lang='lat' dir='ltr'>habitum.</span> <span class='ocrx_word' id='word_1_131' title='bbox 761 1399 866 1466; x_wconf 89' lang='lat' dir='ltr'>ltaque,</span> 
     </span>
     <span class='ocr_line' id='line_1_20' title="bbox 57 1466 866 1536; baseline -0.006 -13"><span class='ocrx_word' id='word_1_132' title='bbox 57 1476 93 1522; x_wconf 92' lang='lat' dir='ltr'>ut</span> <span class='ocrx_word' id='word_1_133' title='bbox 102 1470 173 1523; x_wconf 91' lang='lat' dir='ltr'>bene</span> <span class='ocrx_word' id='word_1_134' title='bbox 186 1469 308 1530; x_wconf 88' lang='lat' dir='ltr'>locatus,</span> <span class='ocrx_word' id='word_1_135' title='bbox 329 1468 431 1519; x_wconf 86' lang='lat' dir='ltr'>mansit</span> <span class='ocrx_word' id='word_1_136' title='bbox 441 1467 470 1517; x_wconf 91' lang='lat' dir='ltr'>iu</span> <span class='ocrx_word' id='word_1_137' title='bbox 481 1482 515 1520; x_wconf 88' lang='lat' dir='ltr'>ea</span> <span class='ocrx_word' id='word_1_138' title='bbox 523 1466 631 1520; x_wconf 81' lang='lat' dir='ltr'>familia</span> <span class='ocrx_word' id='word_1_139' title='bbox 639 1468 810 1536; x_wconf 85' lang='lat' dir='ltr'>aliquamdiu</span> <span class='ocrx_word' id='word_1_140' title='bbox 820 1466 866 1519; x_wconf 90' lang='lat' dir='ltr'>bo·</span> 
     </span>
     <span class='ocr_line' id='line_1_21' title="bbox 59 1536 866 1602; baseline -0.007 -9"><span class='ocrx_word' id='word_1_141' title='bbox 59 1555 123 1593; x_wconf 81' lang='lat' dir='ltr'>noe.</span> <span class='ocrx_word' id='word_1_142' title='bbox 157 1538 268 1591; x_wconf 84' lang='lat' dir='ltr'>Bellum</span> <span class='ocrx_word' id='word_1_143' title='bbox 279 1537 344 1590; x_wconf 91' lang='lat' dir='ltr'>iude</span> <span class='ocrx_word' id='word_1_144' title='bbox 353 1536 456 1589; x_wconf 89' lang='lat' dir='ltr'>Veiens</span> <span class='ocrx_word' id='word_1_145' title='bbox 467 1536 581 1602; x_wconf 88' lang='lat' dir='ltr'>initum;</span> <span class='ocrx_word' id='word_1_146' title='bbox 602 1544 631 1591; x_wconf 89' lang='lat' dir='ltr'>et</span> <span class='ocrx_word' id='word_1_147' title='bbox 640 1536 735 1590; x_wconf 90' lang='lat' dir='ltr'>Volsci</span> <span class='ocrx_word' id='word_1_148' title='bbox 748 1537 866 1590; x_wconf 85' lang='lat' dir='ltr'>rebella·</span> 
     </span>
     <span class='ocr_line' id='line_1_22' title="bbox 59 1606 865 1674; baseline -0.007 -13"><span class='ocrx_word' id='word_1_149' title='bbox 59 1615 136 1662; x_wconf 86' lang='lat' dir='ltr'>runt.</span> <span class='ocrx_word' id='word_1_150' title='bbox 171 1606 227 1661; x_wconf 85' lang='lat' dir='ltr'>Sed</span> <span class='ocrx_word' id='word_1_151' title='bbox 236 1607 272 1660; x_wconf 91' lang='lat' dir='ltr'>ad</span> <span class='ocrx_word' id='word_1_152' title='bbox 282 1606 359 1660; x_wconf 90' lang='lat' dir='ltr'>bella</span> <span class='ocrx_word' id='word_1_153' title='bbox 374 1613 490 1661; x_wconf 85' lang='lat' dir='ltr'>externa</span> <span class='ocrx_word' id='word_1_154' title='bbox 505 1621 592 1674; x_wconf 86' lang='lat' dir='ltr'>prope</span> <span class='ocrx_word' id='word_1_155' title='bbox 602 1613 768 1674; x_wconf 86' lang='lat' dir='ltr'>supererant</span> <span class='ocrx_word' id='word_1_156' title='bbox 778 1607 865 1658; x_wconf 81' lang='lat' dir='ltr'>vires:</span> 
     </span>
     <span class='ocr_line' id='line_1_23' title="bbox 63 1676 867 1745; baseline -0.007 -14"><span class='ocrx_word' id='word_1_157' title='bbox 63 1678 304 1745; x_wconf 84' lang='lat' dir='ltr'>abutebanturque</span> <span class='ocrx_word' id='word_1_158' title='bbox 323 1677 358 1728; x_wconf 89' lang='lat' dir='ltr'>iis</span> <span class='ocrx_word' id='word_1_159' title='bbox 378 1676 544 1729; x_wconf 84' lang='lat' dir='ltr'>intersemet</span> <span class='ocrx_word' id='word_1_160' title='bbox 552 1678 629 1743; x_wconf 86' lang='lat' dir='ltr'>ipsos</span> <span class='ocrx_word' id='word_1_161' title='bbox 640 1677 780 1730; x_wconf 85' lang='lat' dir='ltr'>certando.</span> <span class='ocrx_word' id='word_1_162' title='bbox 817 1677 867 1726; x_wconf 80' lang='lat' dir='ltr'>Ac·</span> 
     </span>
     <span class='ocr_line' id='line_1_24' title="bbox 64 1746 866 1815; baseline -0.005 -15"><span class='ocrx_word' id='word_1_163' title='bbox 64 1763 173 1801; x_wconf 85' lang='lat' dir='ltr'>cessere</span> <span class='ocrx_word' id='word_1_164' title='bbox 182 1748 218 1799; x_wconf 87' lang='lat' dir='ltr'>ad</span> <span class='ocrx_word' id='word_1_165' title='bbox 229 1762 329 1815; x_wconf 84' lang='lat' dir='ltr'>aegras</span> <span class='ocrx_word' id='word_1_166' title='bbox 346 1747 401 1798; x_wconf 90' lang='lat' dir='ltr'>iam</span> <span class='ocrx_word' id='word_1_167' title='bbox 417 1748 537 1798; x_wconf 89' lang='lat' dir='ltr'>omnium</span> <span class='ocrx_word' id='word_1_168' title='bbox 548 1753 656 1799; x_wconf 84' lang='lat' dir='ltr'>mentes</span> <span class='ocrx_word' id='word_1_169' title='bbox 667 1746 796 1813; x_wconf 85' lang='lat' dir='ltr'>prodigia</span> <span class='ocrx_word' id='word_1_170' title='bbox 806 1760 866 1797; x_wconf 92' lang='lat' dir='ltr'>coe-</span> 
     </span>
     <span class='ocr_line' id='line_1_25' title="bbox 61 1816 867 1885; baseline -0.006 -15"><span class='ocrx_word' id='word_1_171' title='bbox 61 1818 161 1881; x_wconf 88' lang='lat' dir='ltr'>lestia,</span> <span class='ocrx_word' id='word_1_172' title='bbox 178 1833 266 1885; x_wconf 89' lang='lat' dir='ltr'>prope</span> <span class='ocrx_word' id='word_1_173' title='bbox 277 1817 453 1885; x_wconf 87' lang='lat' dir='ltr'>quotidianas</span> <span class='ocrx_word' id='word_1_174' title='bbox 467 1816 496 1867; x_wconf 92' lang='lat' dir='ltr'>in</span> <span class='ocrx_word' id='word_1_175' title='bbox 506 1816 575 1867; x_wconf 89' lang='lat' dir='ltr'>urbe</span> <span class='ocrx_word' id='word_1_176' title='bbox 586 1816 715 1883; x_wconf 83' lang='lat' dir='ltr'>agrisque</span> <span class='ocrx_word' id='word_1_177' title='bbox 727 1820 867 1867; x_wconf 84' lang='lat' dir='ltr'>ostentan-</span> 
     </span>
     <span class='ocr_line' id='line_1_26' title="bbox 62 1883 867 1954; baseline -0.009 -14"><span class='ocrx_word' id='word_1_178' title='bbox 62 1888 105 1941; x_wconf 91' lang='lat' dir='ltr'>tia</span> <span class='ocrx_word' id='word_1_179' title='bbox 115 1888 216 1939; x_wconf 71' lang='lat' dir='ltr'>minuar</span> <span class='ocrx_word' id='word_1_180' title='bbox 226 1888 350 1954; x_wconf 89' lang='lat' dir='ltr'>motique</span> <span class='ocrx_word' id='word_1_181' title='bbox 360 1888 403 1938; x_wconf 89' lang='lat' dir='ltr'>ira</span> <span class='ocrx_word' id='word_1_182' title='bbox 413 1885 532 1936; x_wconf 84' lang='lat' dir='ltr'>numinis</span> <span class='ocrx_word' id='word_1_183' title='bbox 544 1900 655 1936; x_wconf 84' lang='lat' dir='ltr'>causam</span> <span class='ocrx_word' id='word_1_184' title='bbox 665 1885 771 1935; x_wconf 89' lang='lat' dir='ltr'>nullam</span> <span class='ocrx_word' id='word_1_185' title='bbox 781 1883 867 1934; x_wconf 86' lang='lat' dir='ltr'>aliam</span> 
     </span>
     <span class='ocr_line' id='line_1_27' title="bbox 65 1952 868 2035; baseline -0.01 -26"><span class='ocrx_word' id='word_1_186' title='bbox 65 1958 295 2020; x_wconf 79' lang='lat' dir='ltr'>ratescanebant,</span> <span class='ocrx_word' id='word_1_187' title='bbox 305 1956 416 2024; x_wconf 92' lang='lat' dir='ltr'>publice</span> <span class='ocrx_word' id='word_1_188' title='bbox 427 1954 621 2035; x_wconf 86' lang='lat' dir='ltr'>privatimque,</span> <span class='ocrx_word' id='word_1_189' title='bbox 627 1967 700 2002; x_wconf 92' lang='lat' dir='ltr'>uunc</span> <span class='ocrx_word' id='word_1_190' title='bbox 705 1952 786 2014; x_wconf 87' lang='lat' dir='ltr'>extis,</span> <span class='ocrx_word' id='word_1_191' title='bbox 796 1966 868 2001; x_wconf 87' lang='lat' dir='ltr'>nunc</span> 
     </span>
     <span class='ocr_line' id='line_1_28' title="bbox 63 2020 870 2095; baseline -0.012 -14"><span class='ocrx_word' id='word_1_192' title='bbox 63 2042 115 2095; x_wconf 88' lang='lat' dir='ltr'>per</span> <span class='ocrx_word' id='word_1_193' title='bbox 125 2042 203 2090; x_wconf 84' lang='lat' dir='ltr'>ares,</span> <span class='ocrx_word' id='word_1_194' title='bbox 225 2027 358 2091; x_wconf 89' lang='lat' dir='ltr'>consulti,</span> <span class='ocrx_word' id='word_1_195' title='bbox 379 2039 461 2093; x_wconf 92' lang='lat' dir='ltr'>quam</span> <span class='ocrx_word' id='word_1_196' title='bbox 471 2020 610 2076; x_wconf 84' lang='lat' dir='ltr'>baudnte</span> <span class='ocrx_word' id='word_1_197' title='bbox 620 2036 700 2074; x_wconf 89' lang='lat' dir='ltr'>sacra</span> <span class='ocrx_word' id='word_1_198' title='bbox 709 2021 778 2074; x_wconf 87' lang='lat' dir='ltr'>lieri.</span> <span class='ocrx_word' id='word_1_199' title='bbox 814 2021 870 2083; x_wconf 74' lang='lat' dir='ltr'>Qui</span> 
     </span>
     <span class='ocr_line' id='line_1_29' title="bbox 64 2090 867 2163; baseline -0.006 -14"><span class='ocrx_word' id='word_1_200' title='bbox 64 2104 186 2151; x_wconf 84' lang='lat' dir='ltr'>terrores</span> <span class='ocrx_word' id='word_1_201' title='bbox 196 2102 290 2149; x_wconf 89' lang='lat' dir='ltr'>tamen</span> <span class='ocrx_word' id='word_1_202' title='bbox 301 2111 335 2150; x_wconf 90' lang='lat' dir='ltr'>eo</span> <span class='ocrx_word' id='word_1_203' title='bbox 345 2111 468 2157; x_wconf 82' lang='lat' dir='ltr'>evasere,</span> <span class='ocrx_word' id='word_1_204' title='bbox 482 2099 516 2145; x_wconf 92' lang='lat' dir='ltr'>ut</span> <span class='ocrx_word' id='word_1_205' title='bbox 525 2092 625 2163; x_wconf 84' lang='lat' dir='ltr'>Oppia,</span> <span class='ocrx_word' id='word_1_206' title='bbox 641 2091 721 2160; x_wconf 81' lang='lat' dir='ltr'>virgo</span> <span class='ocrx_word' id='word_1_207' title='bbox 733 2090 867 2155; x_wconf 82' lang='lat' dir='ltr'>Vestalis,</span> 
     </span>
     <span class='ocr_line' id='line_1_30' title="bbox 64 2164 555 2235; baseline -0.008 -14"><span class='ocrx_word' id='word_1_208' title='bbox 64 2168 197 2221; x_wconf 87' lang='lat' dir='ltr'>damnata</span> <span class='ocrx_word' id='word_1_209' title='bbox 206 2167 306 2219; x_wconf 87' lang='lat' dir='ltr'>incesti</span> <span class='ocrx_word' id='word_1_210' title='bbox 321 2182 425 2235; x_wconf 88' lang='lat' dir='ltr'>poenas</span> <span class='ocrx_word' id='word_1_211' title='bbox 436 2164 555 2217; x_wconf 90' lang='lat' dir='ltr'>dederit.</span> 
     </span>
    </p>

    <p class='ocr_par' dir='ltr' id='par_1_3' title="bbox 62 2233 899 2645">
     <span class='ocr_line' id='line_1_31' title="bbox 114 2233 868 2298; baseline -0.001 -11"><span class='ocrx_word' id='word_1_212' title='bbox 114 2236 214 2288; x_wconf 86' lang='lat' dir='ltr'>XLlll.</span> <span class='ocrx_word' id='word_1_213' title='bbox 233 2236 266 2298; x_wconf 75' lang='lat' dir='ltr'>Q.</span> <span class='ocrx_word' id='word_1_214' title='bbox 276 2236 379 2288; x_wconf 85' lang='lat' dir='ltr'>Fabius</span> <span class='ocrx_word' id='word_1_215' title='bbox 395 2235 461 2287; x_wconf 90' lang='lat' dir='ltr'>inde</span> <span class='ocrx_word' id='word_1_216' title='bbox 476 2242 505 2287; x_wconf 92' lang='lat' dir='ltr'>et</span> <span class='ocrx_word' id='word_1_217' title='bbox 516 2236 545 2287; x_wconf 83' lang='lat' dir='ltr'>G.</span> <span class='ocrx_word' id='word_1_218' title='bbox 556 2234 642 2288; x_wconf 89' lang='lat' dir='ltr'>lulius</span> <span class='ocrx_word' id='word_1_219' title='bbox 653 2233 780 2288; x_wconf 79' lang='lat' dir='ltr'>consules</span> <span class='ocrx_word' id='word_1_220' title='bbox 790 2233 868 2287; x_wconf 82' lang='lat' dir='ltr'>faeti.</span> 
     </span>
     <span class='ocr_line' id='line_1_32' title="bbox 62 2304 868 2373; baseline -0.006 -14"><span class='ocrx_word' id='word_1_221' title='bbox 62 2308 105 2360; x_wconf 82' lang='lat' dir='ltr'>Eo</span> <span class='ocrx_word' id='word_1_222' title='bbox 117 2321 189 2358; x_wconf 86' lang='lat' dir='ltr'>auno</span> <span class='ocrx_word' id='word_1_223' title='bbox 200 2321 256 2357; x_wconf 90' lang='lat' dir='ltr'>non</span> <span class='ocrx_word' id='word_1_224' title='bbox 266 2306 380 2373; x_wconf 74' lang='lat' dir='ltr'>segnior</span> <span class='ocrx_word' id='word_1_225' title='bbox 390 2304 531 2357; x_wconf 85' lang='lat' dir='ltr'>discordia</span> <span class='ocrx_word' id='word_1_226' title='bbox 541 2304 625 2369; x_wconf 89' lang='lat' dir='ltr'>domi,</span> <span class='ocrx_word' id='word_1_227' title='bbox 645 2312 674 2359; x_wconf 88' lang='lat' dir='ltr'>et</span> <span class='ocrx_word' id='word_1_228' title='bbox 682 2305 788 2359; x_wconf 91' lang='lat' dir='ltr'>bellum</span> <span class='ocrx_word' id='word_1_229' title='bbox 799 2305 868 2356; x_wconf 82' lang='lat' dir='ltr'>foris</span> 
     </span>
     <span class='ocr_line' id='line_1_33' title="bbox 64 2375 869 2442; baseline -0.009 -13"><span class='ocrx_word' id='word_1_230' title='bbox 64 2376 187 2429; x_wconf 90' lang='lat' dir='ltr'>atrocius</span> <span class='ocrx_word' id='word_1_231' title='bbox 208 2375 271 2426; x_wconf 82' lang='lat' dir='ltr'>luit.</span> <span class='ocrx_word' id='word_1_232' title='bbox 307 2376 348 2426; x_wconf 77' lang='lat' dir='ltr'>Ab</span> <span class='ocrx_word' id='word_1_233' title='bbox 363 2375 464 2442; x_wconf 77' lang='lat' dir='ltr'>Aequis</span> <span class='ocrx_word' id='word_1_234' title='bbox 485 2390 562 2427; x_wconf 87' lang='lat' dir='ltr'>arma</span> <span class='ocrx_word' id='word_1_235' title='bbox 582 2382 700 2442; x_wconf 87' lang='lat' dir='ltr'>sumpta.</span> <span class='ocrx_word' id='word_1_236' title='bbox 737 2375 869 2428; x_wconf 85' lang='lat' dir='ltr'>Veientes</span> 
     </span>
     <span class='ocr_line' id='line_1_34' title="bbox 62 2442 869 2515; baseline -0.006 -18"><span class='ocrx_word' id='word_1_237' title='bbox 62 2461 162 2515; x_wconf 85' lang='lat' dir='ltr'>agrum</span> <span class='ocrx_word' id='word_1_238' title='bbox 170 2444 779 2511; x_wconf 85' lang='lat' dir='ltr'>quoqueRomauorumpopulantesinierunt.</span> <span class='ocrx_word' id='word_1_239' title='bbox 795 2442 869 2501; x_wconf 77' lang='lat' dir='ltr'>Quo·</span> 
     </span>
     <span class='ocr_line' id='line_1_35' title="bbox 62 2508 868 2577; baseline -0.01 -9"><span class='ocrx_word' id='word_1_240' title='bbox 62 2532 125 2568; x_wconf 90' lang='lat' dir='ltr'>rum</span> <span class='ocrx_word' id='word_1_241' title='bbox 134 2515 275 2566; x_wconf 88' lang='lat' dir='ltr'>bellorum</span> <span class='ocrx_word' id='word_1_242' title='bbox 283 2519 424 2566; x_wconf 88' lang='lat' dir='ltr'>crescente</span> <span class='ocrx_word' id='word_1_243' title='bbox 437 2530 510 2577; x_wconf 81' lang='lat' dir='ltr'>cura,</span> <span class='ocrx_word' id='word_1_244' title='bbox 519 2514 554 2565; x_wconf 89' lang='lat' dir='ltr'>K.</span> <span class='ocrx_word' id='word_1_245' title='bbox 561 2515 664 2565; x_wconf 87' lang='lat' dir='ltr'>Fabius</span> <span class='ocrx_word' id='word_1_246' title='bbox 676 2519 703 2564; x_wconf 92' lang='lat' dir='ltr'>et</span> <span class='ocrx_word' id='word_1_247' title='bbox 715 2508 868 2576; x_wconf 85' lang='lat' dir='ltr'>Sp.Furius</span> 
     </span>
     <span class='ocr_line' id='line_1_36' title="bbox 64 2578 899 2645; baseline -0.014 -6"><span class='ocrx_word' id='word_1_248' title='bbox 64 2584 191 2639; x_wconf 86' lang='lat' dir='ltr'>consules</span> <span class='ocrx_word' id='word_1_249' title='bbox 203 2584 281 2634; x_wconf 84' lang='lat' dir='ltr'>liunt.</span> <span class='ocrx_word' id='word_1_250' title='bbox 317 2584 459 2645; x_wconf 83' lang='lat' dir='ltr'>Ortonam,</span> <span class='ocrx_word' id='word_1_251' title='bbox 470 2582 601 2634; x_wconf 88' lang='lat' dir='ltr'>Latinam</span> <span class='ocrx_word' id='word_1_252' title='bbox 611 2582 716 2642; x_wconf 89' lang='lat' dir='ltr'>urbem,</span> <span class='ocrx_word' id='word_1_253' title='bbox 725 2578 811 2645; x_wconf 83' lang='lat' dir='ltr'>Aequi</span> <span class='ocrx_word' id='word_1_254' title='bbox 822 2593 868 2644; x_wconf 91' lang='lat' dir='ltr'>op·</span> <span class='ocrx_word' id='word_1_255' title='bbox 895 2608 899 2616; x_wconf 88' lang='lat'><em>-</em></span> 
     </span>
    </p>
   </div>
   <div class='ocr_carea' id='block_1_3' title="bbox 63 2648 878 2727">
    <p class='ocr_par' dir='ltr' id='par_1_4' title="bbox 63 2648 878 2727">
     <span class='ocr_line' id='line_1_37' title="bbox 63 2648 878 2727; baseline -0.016 -18"><span class='ocrx_word' id='word_1_256' title='bbox 63 2655 235 2727; x_wconf 83' lang='lat' dir='ltr'>pugnabant.</span> <span class='ocrx_word' id='word_1_257' title='bbox 271 2649 412 2717; x_wconf 84' lang='lat' dir='ltr'>Veientes,</span> <span class='ocrx_word' id='word_1_258' title='bbox 426 2652 502 2720; x_wconf 86' lang='lat' dir='ltr'>ploni</span> <span class='ocrx_word' id='word_1_259' title='bbox 512 2653 568 2705; x_wconf 88' lang='lat' dir='ltr'>iam</span> <span class='ocrx_word' id='word_1_260' title='bbox 580 2648 878 2720; x_wconf 38' lang='lat' dir='ltr'>populationum&amp;-</span> 
     </span>
    </p>
   </div>
   <div class='ocr_carea' id='block_1_4' title="bbox 0 0 939 2978">
    <p class='ocr_par' dir='ltr' id='par_1_5' title="bbox 0 0 939 2978">
     <span class='ocr_line' id='line_1_38' title="bbox 0 0 939 2978; baseline 0 0"><span class='ocrx_word' id='word_1_261' title='bbox 0 0 939 2978; x_wconf 95' lang='lat' dir='ltr'> </span> 
     </span>
    </p>
   </div>
  </div>
 </body>
</html>
