1860 2978
109 117 181 171 Lrn.
195 115 230 169 V.
250 118 324 170 cir.
334 113 377 168 30.
388 112 430 167 ³1.
453 112 496 182 [U.
509 115 538 165 C.
549 108 608 170 363.
619 109 651 164 Α.
664 114 694 164 C·
707 111 777 181 389]
809 114 811 160 ἱ

56 209 184 261 familiae
194 214 319 269 tantum,
339 209 387 259 sed
398 214 430 259 ut
439 210 560 260 omnium
570 211 597 260 in
610 210 692 261 domo
705 211 810 260 liberor

57 281 180 344 capitum
190 278 265 329 ratio
277 276 439 341 baberetur3
459 279 615 346 vellentque
627 280 655 329 in
667 294 726 331 eam
737 294 811 344 spem

56 351 140 400 beros
151 348 260 398 tollere.

113 418 214 468 XXXl.
233 417 275 466 Eo
287 432 399 468 munere
411 416 527 467 delinita
537 417 626 481 plebe,
647 417 714 467 nibil
725 423 811 470 certet

60 493 112 550 est,
123 502 176 553 quo
188 487 278 535 minus
290 487 446 536 consularia
452 485 746 539 comitiababerentur.
767 491 811 539 Cre

60 558 190 608 consules
198 555 231 606 L.
242 555 371 607 'Valerius
383 556 501 618 Potitus,
523 555 562 606 Μ.
573 554 707 625 Manlius,
727 559 772 608 cui
782 561 811 609 Cr

58 626 151 678 tulino
165 631 264 692 postea
281 624 334 675 fuit
351 641 511 694 cognomen.
548 625 588 676 Hi
602 627 730 677 consules
746 642 811 693 mag

58 695 141 747 ludos
151 693 251 756 iecere,
262 710 330 761 quos
340 695 379 746 M.
390 695 492 746 Furius
503 695 624 746 dictator
632 695 811 747 voveratVeir

58 764 145 817 bello.
182 764 288 814 Eodem
306 780 377 815 anno
394 765 477 817 aedes
491 767 602 816 lunonis
613 765 749 832 Reginae,
771 767 805 816 ab

59 835 124 886 dem
136 833 273 885 dictatore
285 833 435 900 eodemque
445 835 521 886 bello
533 842 607 898 vota,
619 835 777 887 dedicatur:
791 851 811 886 ct

56 908 223 971 brutamque
234 902 436 956 dedicationem
449 905 558 972 ingenti
569 912 756 956 matronarum
767 911 811 955 stu

57 972 181 1025 tradunt.
218 972 329 1024 Bellum
348 971 422 1024 baud
440 974 620 1026 memorabile
633 975 664 1025 in
679 973 778 1042 Algido
799 990 811 1025 c

57 1044 159 1108 Aequis
170 1047 280 1109 gestum
292 1049 343 1106 est,
361 1042 431 1094 fusis
441 1041 568 1095 hostibus
579 1046 655 1111 prius
665 1058 760 1110 paene,
780 1060 811 1111 qu

57 1127 157 1163 munus
178 1118 364 1165 consererent.
400 1113 529 1177 Valerio,
549 1114 623 1181 quod
641 1124 811 1180 perseveram

58 1180 209 1234 caedendis
219 1181 249 1232 in
258 1181 327 1249 fuga
338 1182 402 1246 fuit,
416 1181 585 1250 triumphus3
599 1178 716 1245 Manlio,
733 1188 765 1233 ut
774 1199 810 1234 ov

58 1250 254 1318 ingrederetur
274 1253 384 1314 urbem,
411 1253 554 1303 decremm
574 1258 626 1304 est.
661 1252 768 1304 Eodem
789 1267 811 1304 ar

60 1336 164 1372 novum
185 1320 289 1371 bellum
312 1337 374 1373 eum
393 1319 618 1374 Volsiniensibus
636 1328 777 1375 exortum:
806 1340 811 1371 i

59 1396 177 1458 propter
185 1389 286 1442 famem
298 1391 541 1459 pestilentiamque
551 1394 581 1444 in
591 1406 658 1462 agro
669 1394 808 1456 Romano,

58 1460 190 1512 siccitate
206 1460 398 1530 coloribusque
412 1462 505 1514 nimiis
522 1469 626 1527 ortam,
646 1463 811 1516 exercitusd

59 1530 200 1597 nequivit:
220 1530 256 1581 ob
268 1545 338 1597 quae
348 1531 548 1596 Volsinienses,
567 1533 755 1602 Salpinatibus
766 1532 813 1585 edi

59 1600 123 1662 ctis,
140 1600 272 1668 superbie
282 1602 360 1665 elati,
378 1604 546 1673 ultroegros
556 1605 696 1658 Romanos
708 1606 811 1657 incursa

58 1684 101 1722 re.
136 1667 245 1722 Bellum
254 1671 326 1729 inde
341 1672 449 1725 duobus
469 1676 579 1741 populis
596 1674 740 1743 indictum.
777 1675 807 1726 C.

59 1739 117 1791 lius
128 1754 225 1792 censor
237 1739 369 1793 decessit:
389 1743 419 1792 in
427 1744 488 1794 eius
499 1745 590 1796 locum
600 1743 640 1795 M.
651 1743 797 1795 Cornelius
809 1761 811 1792 ι

59 1808 165 1861 sectus:
187 1824 312 1877 quaeres
322 1810 638 1878 posteereligionifuit3
656 1813 763 1878 quiaeo
775 1812 811 1861 lui

56 1879 152 1931 -Romu
169 1885 212 1932 est
226 1887 318 1947 cepto.
354 1879 414 1932 Nec
427 1881 527 1932 deinde
542 1888 662 1947 unquam
679 1883 708 1931 in
725 1880 811 1930 (lenior

60 1949 153 2000 locum
170 1964 268 2001 censor
281 1949 425 2002 sufficitur.
463 1950 682 2015 consulibusque
701 1948 799 1999 morbo

59 2018 169 2086 plicltis
184 2019 303 2085 placuit,
323 2035 373 2087 per
382 2021 571 2087 interregnum
581 2018 715 2071 'renovari
732 2019 810 2084 euspi

59 2089 166 2154 ltaque,
186 2104 269 2156 quum
280 2105 317 2142 ex
327 2088 568 2142 senatusconsulto
578 2088 706 2141 consules
717 2089 811 2156 magis:

58 2165 132 2209 tuse
143 2158 327 2221 abdicassent,
344 2161 466 2212 interrex
480 2163 592 2212 creetur
600 2158 640 2211 M.
650 2157 752 2210 Furius
763 2161 811 2211 Cer

61 2227 119 2290 lus;
140 2228 187 2293 qui
197 2226 227 2279 P.
240 2229 398 2280 Cornelium
410 2229 576 2297 Scipionem,
593 2228 727 2283 isdeinde
737 2229 770 2282 L.
780 2229 811 2281 Vi

61 2297 136 2346 rium
146 2296 272 2348 Potitum
284 2298 451 2367 interregem
463 2299 605 2366 prodidit.
620 2299 661 2351 Ab
672 2316 705 2353 eo
716 2301 804 2352 creati

22 2381 25 2387 ’
61 2363 167 2415 tribuni
176 2367 296 2418 militum
309 2369 450 2420 consulari
457 2375 611 2437 potestate3
632 2376 677 2433 ut,
698 2369 807 2423 etiamsi

62 2433 604 2506 cornmincommudavaletudofuiseet,
626 2441 707 2508 copia
717 2439 811 2506 magis

62 2511 139 2555 tuum
150 2503 321 2570 reipublicae
332 2515 413 2561 esset.

114 2573 229 2625 XXXll.
248 2573 382 2629 Kalendis
393 2572 563 2640 Quintilibus
580 2580 775 2646 magistratum
788 2589 811 2627 οι

62 2658 128 2711 perc
138 2644 171 2698 i..
184 2638 345 2712 Lucretius,
367 2647 425 2702 Ser.
442 2649 592 2719 Sulpicius,
614 2648 654 2700 M.
665 2647 804 2700 Aemilius
