<?xml version="1.0" encoding="UTF-8"?>
<!DOCTYPE html PUBLIC "-//W3C//DTD XHTML 1.0 Transitional//EN"
    "http://www.w3.org/TR/xhtml1/DTD/xhtml1-transitional.dtd">
<html xmlns="http://www.w3.org/1999/xhtml" xml:lang="en" lang="en">
 <head>
  <title>
</title>
<meta http-equiv="Content-Type" content="text/html;charset=utf-8" />
  <meta name='ocr-system' content='tesseract 3.04.00' />
  <meta name='ocr-capabilities' content='ocr_page ocr_carea ocr_par ocr_line ocrx_word'/>
</head>
<body>
  <div class='ocr_page' id='page_1' title='image "./tliviipatavinih03livigoog_0308.png"; bbox 0 0 1860 2978; ppageno 0'>
   <div class='ocr_carea' id='block_1_1' title="bbox 60 107 827 180">
    <p class='ocr_par' dir='ltr' id='par_1_1' title="bbox 60 107 827 180">
     <span class='ocr_line' id='line_1_1' title="bbox 60 107 827 180; baseline -0.003 -12"><span class='ocrx_word' id='word_1_1' title='bbox 60 112 132 168; x_wconf 80' lang='lat' dir='ltr'><strong>Lis.</strong></span> <span class='ocrx_word' id='word_1_2' title='bbox 143 108 194 163; x_wconf 83' lang='lat' dir='ltr'><strong>lv.</strong></span> <span class='ocrx_word' id='word_1_3' title='bbox 212 112 285 165; x_wconf 79' lang='lat' dir='ltr'><strong>Car.</strong></span> <span class='ocrx_word' id='word_1_4' title='bbox 296 109 394 164; x_wconf 76' lang='grc'><strong>48.49.</strong></span> <span class='ocrx_word' id='word_1_5' title='bbox 412 110 456 180; x_wconf 88' lang='lat' dir='ltr'><strong>[U.</strong></span> <span class='ocrx_word' id='word_1_6' title='bbox 467 111 497 163; x_wconf 89' lang='lat' dir='ltr'><strong>C.</strong></span> <span class='ocrx_word' id='word_1_7' title='bbox 508 108 566 167; x_wconf 77' lang='lat'><strong>541.</strong></span> <span class='ocrx_word' id='word_1_8' title='bbox 585 107 617 163; x_wconf 81' lang='lat' dir='ltr'><strong>A.</strong></span> <span class='ocrx_word' id='word_1_9' title='bbox 629 109 740 179; x_wconf 83' lang='lat' dir='ltr'><strong>c.411.]</strong></span> <span class='ocrx_word' id='word_1_10' title='bbox 775 113 827 166; x_wconf 77' lang='lat'><strong>283</strong></span> 
     </span>
    </p>
   </div>
   <div class='ocr_carea' id='block_1_2' title="bbox 24 223 859 2741">
    <p class='ocr_par' dir='ltr' id='par_1_2' title="bbox 24 223 859 2741">
     <span class='ocr_line' id='line_1_2' title="bbox 24 223 828 292; baseline 0 -17"><span class='ocrx_word' id='word_1_11' title='bbox 24 239 139 292; x_wconf 83' lang='lat' dir='ltr'><strong>quorum</strong></span> <span class='ocrx_word' id='word_1_12' title='bbox 156 224 317 276; x_wconf 82' lang='lat' dir='ltr'><strong>defensuros</strong></span> <span class='ocrx_word' id='word_1_13' title='bbox 333 230 505 291; x_wconf 68' lang='lat' dir='ltr'><strong>sperassent,</strong></span> <span class='ocrx_word' id='word_1_14' title='bbox 527 223 631 276; x_wconf 77' lang='lat' dir='ltr'><strong>deserti</strong></span> <span class='ocrx_word' id='word_1_15' title='bbox 651 223 686 273; x_wconf 91' lang='lat' dir='ltr'><strong>ab</strong></span> <span class='ocrx_word' id='word_1_16' title='bbox 702 224 772 286; x_wconf 89' lang='lat' dir='ltr'><strong>suis,</strong></span> <span class='ocrx_word' id='word_1_17' title='bbox 793 239 828 275; x_wconf 90' lang='lat' dir='ltr'><strong>nc</strong></span> 
     </span>
     <span class='ocr_line' id='line_1_3' title="bbox 24 292 828 361; baseline -0.001 -15"><span class='ocrx_word' id='word_1_18' title='bbox 24 293 198 346; x_wconf 84' lang='lat' dir='ltr'><strong>memorabili</strong></span> <span class='ocrx_word' id='word_1_19' title='bbox 209 295 319 360; x_wconf 90' lang='lat' dir='ltr'><strong>quidem</strong></span> <span class='ocrx_word' id='word_1_20' title='bbox 331 295 415 356; x_wconf 88' lang='lat' dir='ltr'><strong>bello,</strong></span> <span class='ocrx_word' id='word_1_21' title='bbox 436 310 486 361; x_wconf 91' lang='lat' dir='ltr'><strong>per</strong></span> <span class='ocrx_word' id='word_1_22' title='bbox 498 293 673 344; x_wconf 90' lang='lat' dir='ltr'><strong>obsidionem</strong></span> <span class='ocrx_word' id='word_1_23' title='bbox 685 292 828 359; x_wconf 74' lang='lat' dir='ltr'><strong>leuemque</strong></span> 
     </span>
     <span class='ocr_line' id='line_1_4' title="bbox 24 364 828 430; baseline 0.001 -17"><span class='ocrx_word' id='word_1_24' title='bbox 24 378 104 414; x_wconf 88' lang='lat' dir='ltr'><strong>unam</strong></span> <span class='ocrx_word' id='word_1_25' title='bbox 119 379 240 430; x_wconf 85' lang='lat' dir='ltr'><strong>pugnam</strong></span> <span class='ocrx_word' id='word_1_26' title='bbox 256 371 283 415; x_wconf 88' lang='lat' dir='ltr'><strong>et</strong></span> <span class='ocrx_word' id='word_1_27' title='bbox 296 365 426 430; x_wconf 87' lang='lat' dir='ltr'><strong>oppidum</strong></span> <span class='ocrx_word' id='word_1_28' title='bbox 446 370 473 414; x_wconf 94' lang='lat' dir='ltr'><strong>et</strong></span> <span class='ocrx_word' id='word_1_29' title='bbox 484 365 551 415; x_wconf 88' lang='lat' dir='ltr'><strong>fines</strong></span> <span class='ocrx_word' id='word_1_30' title='bbox 562 364 689 414; x_wconf 83' lang='lat' dir='ltr'><strong>amisere.</strong></span> <span class='ocrx_word' id='word_1_31' title='bbox 726 365 828 414; x_wconf 85' lang='lat' dir='ltr'><strong>Tenta-</strong></span> 
     </span>
     <span class='ocr_line' id='line_1_5' title="bbox 24 432 828 499; baseline -0.001 -16"><span class='ocrx_word' id='word_1_32' title='bbox 24 439 80 484; x_wconf 92' lang='lat' dir='ltr'><strong>tum</strong></span> <span class='ocrx_word' id='word_1_33' title='bbox 91 434 125 483; x_wconf 86' lang='lat' dir='ltr'><strong>ab</strong></span> <span class='ocrx_word' id='word_1_34' title='bbox 137 433 169 484; x_wconf 90' lang='lat' dir='ltr'><strong>L.</strong></span> <span class='ocrx_word' id='word_1_35' title='bbox 180 434 276 484; x_wconf 86' lang='lat' dir='ltr'><strong>Sextio</strong></span> <span class='ocrx_word' id='word_1_36' title='bbox 292 435 404 485; x_wconf 88' lang='lat' dir='ltr'><strong>tribuno</strong></span> <span class='ocrx_word' id='word_1_37' title='bbox 422 433 523 499; x_wconf 89' lang='lat' dir='ltr'><strong>plebis,</strong></span> <span class='ocrx_word' id='word_1_38' title='bbox 544 440 574 484; x_wconf 91' lang='lat' dir='ltr'><strong>nt</strong></span> <span class='ocrx_word' id='word_1_39' title='bbox 586 432 763 498; x_wconf 79' lang='lat' dir='ltr'><strong>rogationem</strong></span> <span class='ocrx_word' id='word_1_40' title='bbox 774 432 828 484; x_wconf 85' lang='lat' dir='ltr'><strong>fer·</strong></span> 
     </span>
     <span class='ocr_line' id='line_1_6' title="bbox 24 502 828 570; baseline 0.001 -17"><span class='ocrx_word' id='word_1_41' title='bbox 24 508 78 566; x_wconf 87' lang='lat' dir='ltr'><strong>ret,</strong></span> <span class='ocrx_word' id='word_1_42' title='bbox 96 518 152 569; x_wconf 88' lang='lat' dir='ltr'><strong>qua</strong></span> <span class='ocrx_word' id='word_1_43' title='bbox 162 503 247 554; x_wconf 90' lang='lat' dir='ltr'><strong>Bolas</strong></span> <span class='ocrx_word' id='word_1_44' title='bbox 258 519 379 570; x_wconf 92' lang='lat' dir='ltr'><strong>quoque,</strong></span> <span class='ocrx_word' id='word_1_45' title='bbox 400 504 471 554; x_wconf 90' lang='lat' dir='ltr'><strong>sicut</strong></span> <span class='ocrx_word' id='word_1_46' title='bbox 481 503 610 565; x_wconf 65' lang='lat' dir='ltr'><strong>Lances,</strong></span> <span class='ocrx_word' id='word_1_47' title='bbox 632 502 725 552; x_wconf 89' lang='lat' dir='ltr'><strong>coloni</strong></span> <span class='ocrx_word' id='word_1_48' title='bbox 736 502 828 554; x_wconf 91' lang='lat' dir='ltr'><strong>mitte·</strong></span> 
     </span>
     <span class='ocr_line' id='line_1_7' title="bbox 24 572 827 639; baseline -0.001 -16"><span class='ocrx_word' id='word_1_49' title='bbox 24 577 130 634; x_wconf 85' lang='lat' dir='ltr'><strong>rentur,</strong></span> <span class='ocrx_word' id='word_1_50' title='bbox 152 588 201 639; x_wconf 88' lang='lat' dir='ltr'><strong>per</strong></span> <span class='ocrx_word' id='word_1_51' title='bbox 216 574 444 625; x_wconf 81' lang='lat' dir='ltr'><strong>intercessionem</strong></span> <span class='ocrx_word' id='word_1_52' title='bbox 456 573 639 639; x_wconf 83' lang='lat' dir='ltr'><strong>collegarum,</strong></span> <span class='ocrx_word' id='word_1_53' title='bbox 661 572 709 638; x_wconf 90' lang='lat' dir='ltr'><strong>qui</strong></span> <span class='ocrx_word' id='word_1_54' title='bbox 718 572 827 623; x_wconf 88' lang='lat' dir='ltr'><strong>nullum</strong></span> 
     </span>
     <span class='ocr_line' id='line_1_8' title="bbox 24 642 859 715; baseline 0.004 -23"><span class='ocrx_word' id='word_1_55' title='bbox 24 642 205 709; x_wconf 79' lang='lat' dir='ltr'><strong>plebiscitum,</strong></span> <span class='ocrx_word' id='word_1_56' title='bbox 224 643 278 693; x_wconf 87' lang='lat' dir='ltr'><strong>nisi</strong></span> <span class='ocrx_word' id='word_1_57' title='bbox 289 643 504 695; x_wconf 84' lang='lat' dir='ltr'><strong>exauctoritate</strong></span> <span class='ocrx_word' id='word_1_58' title='bbox 515 642 635 705; x_wconf 88' lang='lat' dir='ltr'><strong>senatus,</strong></span> <span class='ocrx_word' id='word_1_59' title='bbox 656 656 787 712; x_wconf 82' lang='lat' dir='ltr'><strong>passuros</strong></span> <span class='ocrx_word' id='word_1_60' title='bbox 797 657 829 695; x_wconf 89' lang='lat' dir='ltr'><strong>se</strong></span> <span class='ocrx_word' id='word_1_61' title='bbox 850 699 859 715; x_wconf 55' lang='grc'>,</span> 
     </span>
     <span class='ocr_line' id='line_1_9' title="bbox 24 711 828 779; baseline -0.001 -14"><span class='ocrx_word' id='word_1_62' title='bbox 24 711 139 779; x_wconf 78' lang='lat' dir='ltr'><strong>perferri</strong></span> <span class='ocrx_word' id='word_1_63' title='bbox 151 712 341 775; x_wconf 88' lang='lat' dir='ltr'><strong>ostenderunt,</strong></span> <span class='ocrx_word' id='word_1_64' title='bbox 357 711 512 770; x_wconf 89' lang='lat' dir='ltr'><strong>discussum</strong></span> <span class='ocrx_word' id='word_1_65' title='bbox 523 718 574 765; x_wconf 88' lang='lat' dir='ltr'><strong>est.</strong></span> <span class='ocrx_word' id='word_1_66' title='bbox 592 712 672 765; x_wconf 87' lang='lat' dir='ltr'><strong>Bolis</strong></span> <span class='ocrx_word' id='word_1_67' title='bbox 683 712 828 779; x_wconf 85' lang='lat' dir='ltr'><strong>insequen-</strong></span> 
     </span>
     <span class='ocr_line' id='line_1_10' title="bbox 24 782 828 851; baseline 0 -18"><span class='ocrx_word' id='word_1_68' title='bbox 24 788 49 834; x_wconf 85' lang='lat' dir='ltr'><strong>te</strong></span> <span class='ocrx_word' id='word_1_69' title='bbox 58 797 131 834; x_wconf 84' lang='lat' dir='ltr'><strong>anno</strong></span> <span class='ocrx_word' id='word_1_70' title='bbox 143 783 274 850; x_wconf 82' lang='lat' dir='ltr'><strong>receptis,</strong></span> <span class='ocrx_word' id='word_1_71' title='bbox 290 783 387 849; x_wconf 76' lang='lat' dir='ltr'><strong>Aequi,</strong></span> <span class='ocrx_word' id='word_1_72' title='bbox 408 782 571 851; x_wconf 87' lang='lat' dir='ltr'><strong>coloniaque</strong></span> <span class='ocrx_word' id='word_1_73' title='bbox 584 798 617 835; x_wconf 91' lang='lat' dir='ltr'><strong>eo</strong></span> <span class='ocrx_word' id='word_1_74' title='bbox 629 782 758 845; x_wconf 89' lang='lat' dir='ltr'><strong>deducta,</strong></span> <span class='ocrx_word' id='word_1_75' title='bbox 780 796 828 833; x_wconf 86' lang='lat' dir='ltr'><strong>no·</strong></span> 
     </span>
     <span class='ocr_line' id='line_1_11' title="bbox 24 851 827 920; baseline -0.001 -18"><span class='ocrx_word' id='word_1_76' title='bbox 24 851 63 903; x_wconf 83' lang='lat' dir='ltr'><strong>ris</strong></span> <span class='ocrx_word' id='word_1_77' title='bbox 73 851 181 903; x_wconf 76' lang='lat' dir='ltr'><strong>viribus</strong></span> <span class='ocrx_word' id='word_1_78' title='bbox 192 852 325 920; x_wconf 89' lang='lat' dir='ltr'><strong>oppidum</strong></span> <span class='ocrx_word' id='word_1_79' title='bbox 335 853 490 916; x_wconf 80' lang='lat' dir='ltr'><strong>firmarunt,</strong></span> <span class='ocrx_word' id='word_1_80' title='bbox 511 853 631 905; x_wconf 86' lang='lat' dir='ltr'><strong>tribunis</strong></span> <span class='ocrx_word' id='word_1_81' title='bbox 641 851 763 903; x_wconf 91' lang='lat' dir='ltr'><strong>militum</strong></span> <span class='ocrx_word' id='word_1_82' title='bbox 773 851 827 901; x_wconf 90' lang='lat' dir='ltr'><strong>Ro·</strong></span> 
     </span>
     <span class='ocr_line' id='line_1_12' title="bbox 24 919 828 991; baseline 0 -19"><span class='ocrx_word' id='word_1_83' title='bbox 24 936 85 973; x_wconf 88' lang='lat' dir='ltr'><strong>mae</strong></span> <span class='ocrx_word' id='word_1_84' title='bbox 95 921 236 974; x_wconf 83' lang='lat' dir='ltr'><strong>consulari</strong></span> <span class='ocrx_word' id='word_1_85' title='bbox 252 928 394 991; x_wconf 78' lang='lat' dir='ltr'><strong>potestate</strong></span> <span class='ocrx_word' id='word_1_86' title='bbox 405 924 454 973; x_wconf 85' lang='lat' dir='ltr'><strong>Cn.</strong></span> <span class='ocrx_word' id='word_1_87' title='bbox 466 923 595 975; x_wconf 86' lang='lat' dir='ltr'><strong>Cornelio</strong></span> <span class='ocrx_word' id='word_1_88' title='bbox 607 925 707 984; x_wconf 86' lang='lat' dir='ltr'><strong>Cosso,</strong></span> <span class='ocrx_word' id='word_1_89' title='bbox 728 921 761 973; x_wconf 78' lang='lat'><strong>1..</strong></span> <span class='ocrx_word' id='word_1_90' title='bbox 772 919 828 972; x_wconf 91' lang='lat' dir='ltr'><strong>Va·</strong></span> 
     </span>
     <span class='ocr_line' id='line_1_13' title="bbox 24 990 828 1056; baseline 0 -14"><span class='ocrx_word' id='word_1_91' title='bbox 24 991 92 1043; x_wconf 81' lang='lat' dir='ltr'><strong>lenio</strong></span> <span class='ocrx_word' id='word_1_92' title='bbox 105 991 210 1056; x_wconf 88' lang='lat' dir='ltr'><strong>Potito,</strong></span> <span class='ocrx_word' id='word_1_93' title='bbox 223 992 352 1056; x_wconf 65' lang='lat' dir='ltr'><strong>ambio</strong></span> <span class='ocrx_word' id='word_1_94' title='bbox 362 991 502 1044; x_wconf 87' lang='lat' dir='ltr'><strong>Vibulano</strong></span> <span class='ocrx_word' id='word_1_95' title='bbox 513 994 623 1055; x_wconf 87' lang='lat' dir='ltr'><strong>iterum,</strong></span> <span class='ocrx_word' id='word_1_96' title='bbox 635 992 675 1042; x_wconf 83' lang='lat' dir='ltr'><strong>M.</strong></span> <span class='ocrx_word' id='word_1_97' title='bbox 681 990 828 1042; x_wconf 88' lang='lat' dir='ltr'><strong>Postumio</strong></span> 
     </span>
     <span class='ocr_line' id='line_1_14' title="bbox 24 1060 829 1129; baseline -0.004 -16"><span class='ocrx_word' id='word_1_98' title='bbox 24 1061 185 1129; x_wconf 82' lang='lat' dir='ltr'><strong>Regillensi.</strong></span> <span class='ocrx_word' id='word_1_99' title='bbox 220 1063 297 1115; x_wconf 88' lang='lat' dir='ltr'><strong>Huic</strong></span> <span class='ocrx_word' id='word_1_100' title='bbox 316 1062 421 1115; x_wconf 89' lang='lat' dir='ltr'><strong>bellum</strong></span> <span class='ocrx_word' id='word_1_101' title='bbox 436 1062 570 1115; x_wconf 85' lang='lat' dir='ltr'><strong>adversus</strong></span> <span class='ocrx_word' id='word_1_102' title='bbox 585 1064 695 1128; x_wconf 82' lang='lat' dir='ltr'><strong>Aequos</strong></span> <span class='ocrx_word' id='word_1_103' title='bbox 713 1060 829 1127; x_wconf 87' lang='lat' dir='ltr'><strong>permis·</strong></span> 
     </span>
     <span class='ocr_line' id='line_1_15' title="bbox 24 1129 830 1200; baseline -0.004 -17"><span class='ocrx_word' id='word_1_104' title='bbox 24 1146 83 1183; x_wconf 88' lang='lat' dir='ltr'><strong>sum</strong></span> <span class='ocrx_word' id='word_1_105' title='bbox 93 1137 145 1195; x_wconf 90' lang='lat' dir='ltr'><strong>est,</strong></span> <span class='ocrx_word' id='word_1_106' title='bbox 155 1147 258 1199; x_wconf 85' lang='lat' dir='ltr'><strong>pravae</strong></span> <span class='ocrx_word' id='word_1_107' title='bbox 269 1133 371 1184; x_wconf 89' lang='lat' dir='ltr'><strong>mentis</strong></span> <span class='ocrx_word' id='word_1_108' title='bbox 380 1130 501 1198; x_wconf 82' lang='lat' dir='ltr'><strong>homini3</strong></span> <span class='ocrx_word' id='word_1_109' title='bbox 512 1147 595 1200; x_wconf 87' lang='lat' dir='ltr'><strong>quarn</strong></span> <span class='ocrx_word' id='word_1_110' title='bbox 604 1136 699 1183; x_wconf 87' lang='lat' dir='ltr'><strong>tamen</strong></span> <span class='ocrx_word' id='word_1_111' title='bbox 708 1129 830 1181; x_wconf 79' lang='lat' dir='ltr'><strong>victoria</strong></span> 
     </span>
     <span class='ocr_line' id='line_1_16' title="bbox 24 1196 830 1269; baseline -0.005 -17"><span class='ocrx_word' id='word_1_112' title='bbox 24 1201 119 1269; x_wconf 84' lang='lat' dir='ltr'><strong>magis,</strong></span> <span class='ocrx_word' id='word_1_113' title='bbox 135 1204 217 1268; x_wconf 84' lang='lat' dir='ltr'><strong>quam</strong></span> <span class='ocrx_word' id='word_1_114' title='bbox 227 1202 345 1266; x_wconf 84' lang='lat' dir='ltr'><strong>bellum,</strong></span> <span class='ocrx_word' id='word_1_115' title='bbox 359 1203 489 1256; x_wconf 89' lang='lat' dir='ltr'><strong>ostendit.</strong></span> <span class='ocrx_word' id='word_1_116' title='bbox 526 1201 599 1255; x_wconf 87' lang='lat' dir='ltr'><strong>Nam</strong></span> <span class='ocrx_word' id='word_1_117' title='bbox 611 1200 736 1253; x_wconf 84' lang='lat' dir='ltr'><strong>exercitu</strong></span> <span class='ocrx_word' id='word_1_118' title='bbox 747 1196 830 1264; x_wconf 87' lang='lat' dir='ltr'><strong>impi-</strong></span> 
     </span>
     <span class='ocr_line' id='line_1_17' title="bbox 24 1268 828 1340; baseline -0.002 -18"><span class='ocrx_word' id='word_1_119' title='bbox 24 1284 69 1340; x_wconf 73' lang='lat' dir='ltr'><strong>gre</strong></span> <span class='ocrx_word' id='word_1_120' title='bbox 80 1271 187 1338; x_wconf 82' lang='lat' dir='ltr'><strong>scripto</strong></span> <span class='ocrx_word' id='word_1_121' title='bbox 198 1271 337 1340; x_wconf 87' lang='lat' dir='ltr'><strong>ductoque</strong></span> <span class='ocrx_word' id='word_1_122' title='bbox 348 1273 383 1325; x_wconf 92' lang='lat' dir='ltr'><strong>ad</strong></span> <span class='ocrx_word' id='word_1_123' title='bbox 388 1272 484 1337; x_wconf 88' lang='lat' dir='ltr'><strong>Bolas,</strong></span> <span class='ocrx_word' id='word_1_124' title='bbox 495 1287 581 1340; x_wconf 89' lang='lat' dir='ltr'><strong>quum</strong></span> <span class='ocrx_word' id='word_1_125' title='bbox 591 1270 701 1324; x_wconf 85' lang='lat' dir='ltr'><strong>levibus</strong></span> <span class='ocrx_word' id='word_1_126' title='bbox 712 1268 828 1339; x_wconf 87' lang='lat' dir='ltr'><strong>proeliis</strong></span> 
     </span>
     <span class='ocr_line' id='line_1_18' title="bbox 24 1337 829 1411; baseline -0.005 -18"><span class='ocrx_word' id='word_1_127' title='bbox 24 1344 178 1408; x_wconf 79' lang='lat' dir='ltr'><strong>lequorum</strong></span> <span class='ocrx_word' id='word_1_128' title='bbox 199 1343 307 1394; x_wconf 84' lang='lat' dir='ltr'><strong>animos</strong></span> <span class='ocrx_word' id='word_1_129' title='bbox 326 1343 471 1411; x_wconf 82' lang='lat' dir='ltr'><strong>fregisset,</strong></span> <span class='ocrx_word' id='word_1_130' title='bbox 490 1349 633 1409; x_wconf 89' lang='lat' dir='ltr'><strong>postremo</strong></span> <span class='ocrx_word' id='word_1_131' title='bbox 650 1341 679 1392; x_wconf 89' lang='lat' dir='ltr'><strong>in</strong></span> <span class='ocrx_word' id='word_1_132' title='bbox 695 1337 829 1407; x_wconf 89' lang='lat' dir='ltr'><strong>oppidum</strong></span> 
     </span>
     <span class='ocr_line' id='line_1_19' title="bbox 24 1408 830 1477; baseline -0.004 -14"><span class='ocrx_word' id='word_1_133' title='bbox 24 1409 132 1477; x_wconf 81' lang='lat' dir='ltr'><strong>rrupit.</strong></span> <span class='ocrx_word' id='word_1_134' title='bbox 167 1408 277 1464; x_wconf 89' lang='lat' dir='ltr'><strong>Deinde</strong></span> <span class='ocrx_word' id='word_1_135' title='bbox 294 1413 329 1465; x_wconf 87' lang='lat' dir='ltr'><strong>ab</strong></span> <span class='ocrx_word' id='word_1_136' title='bbox 346 1411 476 1465; x_wconf 87' lang='lat' dir='ltr'><strong>hostibus</strong></span> <span class='ocrx_word' id='word_1_137' title='bbox 489 1414 518 1464; x_wconf 94' lang='lat' dir='ltr'><strong>in</strong></span> <span class='ocrx_word' id='word_1_138' title='bbox 531 1413 606 1465; x_wconf 87' lang='lat' dir='ltr'><strong>cives</strong></span> <span class='ocrx_word' id='word_1_139' title='bbox 618 1417 759 1464; x_wconf 89' lang='lat' dir='ltr'><strong>certamen</strong></span> <span class='ocrx_word' id='word_1_140' title='bbox 769 1422 830 1461; x_wconf 88' lang='lat' dir='ltr'><strong>ver·</strong></span> 
     </span>
     <span class='ocr_line' id='line_1_20' title="bbox 24 1478 830 1552; baseline -0.001 -20"><span class='ocrx_word' id='word_1_141' title='bbox 24 1480 67 1533; x_wconf 79' lang='lat' dir='ltr'><strong>:its</strong></span> <span class='ocrx_word' id='word_1_142' title='bbox 83 1484 126 1542; x_wconf 88' lang='lat' dir='ltr'><strong>et,</strong></span> <span class='ocrx_word' id='word_1_143' title='bbox 147 1495 231 1547; x_wconf 91' lang='lat' dir='ltr'><strong>quum</strong></span> <span class='ocrx_word' id='word_1_144' title='bbox 245 1481 319 1534; x_wconf 88' lang='lat' dir='ltr'><strong>inter</strong></span> <span class='ocrx_word' id='word_1_145' title='bbox 333 1483 571 1552; x_wconf 77' lang='lat' dir='ltr'><strong>oppugnationem</strong></span> <span class='ocrx_word' id='word_1_146' title='bbox 586 1482 719 1550; x_wconf 87' lang='lat' dir='ltr'><strong>praedam</strong></span> <span class='ocrx_word' id='word_1_147' title='bbox 728 1478 830 1532; x_wconf 83' lang='lat' dir='ltr'><strong>militis</strong></span> 
     </span>
     <span class='ocr_line' id='line_1_21' title="bbox 24 1548 830 1618; baseline -0.002 -16"><span class='ocrx_word' id='word_1_148' title='bbox 24 1551 81 1605; x_wconf 72' lang='lat' dir='ltr'><strong>ss&#39;ore</strong></span> <span class='ocrx_word' id='word_1_149' title='bbox 92 1548 239 1612; x_wconf 79' lang='lat' dir='ltr'><strong>edixisset,</strong></span> <span class='ocrx_word' id='word_1_150' title='bbox 258 1558 341 1618; x_wconf 86' lang='lat' dir='ltr'><strong>capto</strong></span> <span class='ocrx_word' id='word_1_151' title='bbox 353 1554 469 1618; x_wconf 87' lang='lat' dir='ltr'><strong>oppido,</strong></span> <span class='ocrx_word' id='word_1_152' title='bbox 490 1553 574 1605; x_wconf 86' lang='lat' dir='ltr'><strong>tidem</strong></span> <span class='ocrx_word' id='word_1_153' title='bbox 584 1551 712 1604; x_wconf 82' lang='lat' dir='ltr'><strong>mutarit.</strong></span> <span class='ocrx_word' id='word_1_154' title='bbox 747 1551 830 1612; x_wconf 85' lang='lat' dir='ltr'><strong>Eam,</strong></span> 
     </span>
     <span class='ocr_line' id='line_1_22' title="bbox 24 1618 829 1689; baseline -0.002 -16"><span class='ocrx_word' id='word_1_155' title='bbox 24 1619 108 1689; x_wconf 79' lang='lat' dir='ltr'><strong>uagis</strong></span> <span class='ocrx_word' id='word_1_156' title='bbox 120 1618 252 1684; x_wconf 89' lang='lat' dir='ltr'><strong>adducor,</strong></span> <span class='ocrx_word' id='word_1_157' title='bbox 257 1625 289 1672; x_wconf 94' lang='lat' dir='ltr'><strong>ut</strong></span> <span class='ocrx_word' id='word_1_158' title='bbox 299 1621 412 1673; x_wconf 88' lang='lat' dir='ltr'><strong>credam</strong></span> <span class='ocrx_word' id='word_1_159' title='bbox 421 1621 481 1673; x_wconf 85' lang='lat' dir='ltr'><strong>irae</strong></span> <span class='ocrx_word' id='word_1_160' title='bbox 491 1636 603 1674; x_wconf 87' lang='lat' dir='ltr'><strong>eausam</strong></span> <span class='ocrx_word' id='word_1_161' title='bbox 614 1620 751 1675; x_wconf 84' lang='lat' dir='ltr'><strong>exercitui</strong></span> <span class='ocrx_word' id='word_1_162' title='bbox 762 1618 829 1671; x_wconf 78' lang='lat' dir='ltr'><strong>bris-</strong></span> 
     </span>
     <span class='ocr_line' id='line_1_23' title="bbox 24 1689 829 1758; baseline -0.005 -14"><span class='ocrx_word' id='word_1_163' title='bbox 24 1707 65 1753; x_wconf 75' lang='lat' dir='ltr'><strong>re,</strong></span> <span class='ocrx_word' id='word_1_164' title='bbox 87 1704 169 1755; x_wconf 87' lang='lat' dir='ltr'><strong>quam</strong></span> <span class='ocrx_word' id='word_1_165' title='bbox 181 1689 255 1756; x_wconf 89' lang='lat' dir='ltr'><strong>quod</strong></span> <span class='ocrx_word' id='word_1_166' title='bbox 265 1691 294 1740; x_wconf 92' lang='lat' dir='ltr'><strong>in</strong></span> <span class='ocrx_word' id='word_1_167' title='bbox 302 1691 372 1743; x_wconf 86' lang='lat' dir='ltr'><strong>urbe</strong></span> <span class='ocrx_word' id='word_1_168' title='bbox 381 1706 470 1758; x_wconf 89' lang='lat' dir='ltr'><strong>nuper</strong></span> <span class='ocrx_word' id='word_1_169' title='bbox 481 1691 593 1758; x_wconf 89' lang='lat' dir='ltr'><strong>direpta</strong></span> <span class='ocrx_word' id='word_1_170' title='bbox 604 1691 769 1757; x_wconf 83' lang='lat' dir='ltr'><strong>coloniaque</strong></span> <span class='ocrx_word' id='word_1_171' title='bbox 780 1702 829 1740; x_wconf 88' lang='lat' dir='ltr'><strong>no·</strong></span> 
     </span>
     <span class='ocr_line' id='line_1_24' title="bbox 24 1757 829 1827; baseline -0.007 -12"><span class='ocrx_word' id='word_1_172' title='bbox 24 1778 53 1815; x_wconf 73' lang='lat' dir='ltr'><strong>’a</strong></span> <span class='ocrx_word' id='word_1_173' title='bbox 63 1758 156 1810; x_wconf 86' lang='lat' dir='ltr'><strong>minus</strong></span> <span class='ocrx_word' id='word_1_174' title='bbox 163 1757 380 1825; x_wconf 80' lang='lat' dir='ltr'><strong>¹praedicatione</strong></span> <span class='ocrx_word' id='word_1_175' title='bbox 393 1760 500 1812; x_wconf 88' lang='lat' dir='ltr'><strong>tribuni</strong></span> <span class='ocrx_word' id='word_1_176' title='bbox 511 1759 632 1827; x_wconf 87' lang='lat' dir='ltr'><strong>praedae</strong></span> <span class='ocrx_word' id='word_1_177' title='bbox 643 1760 738 1813; x_wconf 84' lang='lat' dir='ltr'><strong>fuerit.</strong></span> <span class='ocrx_word' id='word_1_178' title='bbox 774 1759 829 1811; x_wconf 85' lang='lat' dir='ltr'><strong>Au-</strong></span> 
     </span>
     <span class='ocr_line' id='line_1_25' title="bbox 24 1828 828 1897; baseline -0.009 -13"><span class='ocrx_word' id='word_1_179' title='bbox 24 1832 62 1884; x_wconf 87' lang='lat' dir='ltr'><strong>rit</strong></span> <span class='ocrx_word' id='word_1_180' title='bbox 73 1844 136 1881; x_wconf 85' lang='lat' dir='ltr'><strong>enm</strong></span> <span class='ocrx_word' id='word_1_181' title='bbox 146 1828 226 1892; x_wconf 89' lang='lat' dir='ltr'><strong>iram,</strong></span> <span class='ocrx_word' id='word_1_182' title='bbox 243 1836 401 1897; x_wconf 84' lang='lat' dir='ltr'><strong>postquam,</strong></span> <span class='ocrx_word' id='word_1_183' title='bbox 421 1830 456 1880; x_wconf 87' lang='lat' dir='ltr'><strong>ab</strong></span> <span class='ocrx_word' id='word_1_184' title='bbox 467 1828 584 1897; x_wconf 77' lang='lat' dir='ltr'><strong>collegis</strong></span> <span class='ocrx_word' id='word_1_185' title='bbox 595 1830 755 1890; x_wconf 80' lang='lat' dir='ltr'><strong>arcessitus,</strong></span> <span class='ocrx_word' id='word_1_186' title='bbox 765 1839 828 1893; x_wconf 91' lang='lat' dir='ltr'><strong>pro-</strong></span> 
     </span>
     <span class='ocr_line' id='line_1_26' title="bbox 24 1895 829 1958; baseline -0.01 -3"><span class='ocrx_word' id='word_1_187' title='bbox 24 1908 83 1954; x_wconf 79' lang='lat' dir='ltr'><strong>rter</strong></span> <span class='ocrx_word' id='word_1_188' title='bbox 93 1898 246 1952; x_wconf 88' lang='lat' dir='ltr'><strong>seditiones</strong></span> <span class='ocrx_word' id='word_1_189' title='bbox 256 1899 422 1952; x_wconf 86' lang='lat' dir='ltr'><strong>tribunicias</strong></span> <span class='ocrx_word' id='word_1_190' title='bbox 433 1901 461 1949; x_wconf 86' lang='lat' dir='ltr'><strong>in</strong></span> <span class='ocrx_word' id='word_1_191' title='bbox 471 1898 570 1950; x_wconf 90' lang='lat' dir='ltr'><strong>urbem</strong></span> <span class='ocrx_word' id='word_1_192' title='bbox 578 1899 710 1958; x_wconf 84' lang='lat' dir='ltr'><strong>revertit,</strong></span> <span class='ocrx_word' id='word_1_193' title='bbox 731 1895 829 1948; x_wconf 80' lang='lat' dir='ltr'><strong>audita</strong></span> 
     </span>
     <span class='ocr_line' id='line_1_27' title="bbox 24 1968 829 2034; baseline -0.01 -10"><span class='ocrx_word' id='word_1_194' title='bbox 24 1984 75 2024; x_wconf 77' lang='lat' dir='ltr'><strong>ox</strong></span> <span class='ocrx_word' id='word_1_195' title='bbox 95 1969 155 2021; x_wconf 90' lang='lat' dir='ltr'><strong>eius</strong></span> <span class='ocrx_word' id='word_1_196' title='bbox 175 1969 206 2020; x_wconf 92' lang='lat' dir='ltr'><strong>in</strong></span> <span class='ocrx_word' id='word_1_197' title='bbox 221 1971 354 2021; x_wconf 87' lang='lat' dir='ltr'><strong>concione</strong></span> <span class='ocrx_word' id='word_1_198' title='bbox 368 1968 475 2020; x_wconf 86' lang='lat' dir='ltr'><strong>stolida</strong></span> <span class='ocrx_word' id='word_1_199' title='bbox 489 1983 523 2019; x_wconf 88' lang='lat' dir='ltr'><strong>ne</strong></span> <span class='ocrx_word' id='word_1_200' title='bbox 537 1980 625 2034; x_wconf 89' lang='lat' dir='ltr'><strong>prope</strong></span> <span class='ocrx_word' id='word_1_201' title='bbox 639 1980 751 2028; x_wconf 89' lang='lat' dir='ltr'><strong>vecors;</strong></span> <span class='ocrx_word' id='word_1_202' title='bbox 773 1976 829 2031; x_wconf 81' lang='lat' dir='ltr'><strong>qua</strong></span> 
     </span>
     <span class='ocr_line' id='line_1_28' title="bbox 24 2033 828 2106; baseline -0.014 -10"><span class='ocrx_word' id='word_1_203' title='bbox 24 2038 115 2096; x_wconf 78' lang='lat' dir='ltr'><strong>iextio</strong></span> <span class='ocrx_word' id='word_1_204' title='bbox 132 2039 243 2091; x_wconf 89' lang='lat' dir='ltr'><strong>tribuno</strong></span> <span class='ocrx_word' id='word_1_205' title='bbox 259 2039 365 2106; x_wconf 88' lang='lat' dir='ltr'><strong>plebis,</strong></span> <span class='ocrx_word' id='word_1_206' title='bbox 383 2039 475 2105; x_wconf 82' lang='lat' dir='ltr'><strong>legem</strong></span> <span class='ocrx_word' id='word_1_207' title='bbox 496 2035 635 2104; x_wconf 83' lang='lat' dir='ltr'><strong>agrariam</strong></span> <span class='ocrx_word' id='word_1_208' title='bbox 650 2035 765 2097; x_wconf 87' lang='lat' dir='ltr'><strong>ferenti,</strong></span> <span class='ocrx_word' id='word_1_209' title='bbox 791 2033 828 2086; x_wconf 91' lang='lat' dir='ltr'><strong>sl·</strong></span> 
     </span>
     <span class='ocr_line' id='line_1_29' title="bbox 24 2106 829 2176; baseline -0.007 -14"><span class='ocrx_word' id='word_1_210' title='bbox 24 2109 86 2172; x_wconf 87' lang='lat' dir='ltr'><strong>nul,</strong></span> <span class='ocrx_word' id='word_1_211' title='bbox 96 2107 183 2160; x_wconf 88' lang='lat' dir='ltr'><strong>Bolas</strong></span> <span class='ocrx_word' id='word_1_212' title='bbox 195 2124 303 2176; x_wconf 88' lang='lat' dir='ltr'><strong>quoque</strong></span> <span class='ocrx_word' id='word_1_213' title='bbox 312 2114 344 2160; x_wconf 88' lang='lat' dir='ltr'><strong>ut</strong></span> <span class='ocrx_word' id='word_1_214' title='bbox 355 2109 535 2161; x_wconf 85' lang='lat' dir='ltr'><strong>mitterentur</strong></span> <span class='ocrx_word' id='word_1_215' title='bbox 545 2106 647 2169; x_wconf 86' lang='lat' dir='ltr'><strong>coloni,</strong></span> <span class='ocrx_word' id='word_1_216' title='bbox 663 2106 787 2159; x_wconf 87' lang='lat' dir='ltr'><strong>laturum</strong></span> <span class='ocrx_word' id='word_1_217' title='bbox 797 2118 829 2157; x_wconf 85' lang='lat' dir='ltr'><strong>se</strong></span> 
     </span>
     <span class='ocr_line' id='line_1_30' title="bbox 24 2177 829 2246; baseline -0.009 -12"><span class='ocrx_word' id='word_1_218' title='bbox 24 2178 135 2241; x_wconf 85' lang='lat' dir='ltr'><strong>licenti,</strong></span> <span class='ocrx_word' id='word_1_219' title='bbox 150 2178 250 2245; x_wconf 79' lang='lat' dir='ltr'><strong>dignos</strong></span> <span class='ocrx_word' id='word_1_220' title='bbox 261 2179 334 2231; x_wconf 83' lang='lat' dir='ltr'><strong>enirn</strong></span> <span class='ocrx_word' id='word_1_221' title='bbox 345 2194 406 2231; x_wconf 90' lang='lat' dir='ltr'><strong>esse</strong></span> <span class='ocrx_word' id='word_1_222' title='bbox 416 2179 463 2246; x_wconf 87' lang='lat' dir='ltr'><strong>qui</strong></span> <span class='ocrx_word' id='word_1_223' title='bbox 474 2178 558 2230; x_wconf 90' lang='lat' dir='ltr'><strong>armis</strong></span> <span class='ocrx_word' id='word_1_224' title='bbox 570 2177 716 2244; x_wconf 87' lang='lat' dir='ltr'><strong>cepissent,</strong></span> <span class='ocrx_word' id='word_1_225' title='bbox 732 2188 829 2228; x_wconf 89' lang='lat' dir='ltr'><strong>eorum</strong></span> 
     </span>
     <span class='ocr_line' id='line_1_31' title="bbox 24 2242 829 2316; baseline -0.009 -11"><span class='ocrx_word' id='word_1_226' title='bbox 24 2251 116 2305; x_wconf 70' lang='lat' dir='ltr'><strong>urbem</strong></span> <span class='ocrx_word' id='word_1_227' title='bbox 132 2263 283 2315; x_wconf 82' lang='lat' dir='ltr'><strong>agrumque</strong></span> <span class='ocrx_word' id='word_1_228' title='bbox 293 2249 431 2301; x_wconf 88' lang='lat' dir='ltr'><strong>Bolanum</strong></span> <span class='ocrx_word' id='word_1_229' title='bbox 446 2264 522 2314; x_wconf 89' lang='lat' dir='ltr'><strong>esse;</strong></span> <span class='ocrx_word' id='word_1_230' title='bbox 541 2247 647 2301; x_wconf 84' lang='lat' dir='ltr'><strong>Malum</strong></span> <span class='ocrx_word' id='word_1_231' title='bbox 662 2247 766 2316; x_wconf 77' lang='lat' dir='ltr'><strong>quidem</strong></span> <span class='ocrx_word' id='word_1_232' title='bbox 780 2242 829 2299; x_wconf 77' lang='lat' dir='ltr'><strong>mi-</strong></span> 
     </span>
     <span class='ocr_line' id='line_1_32' title="bbox 24 2315 829 2387; baseline -0.014 -13"><span class='ocrx_word' id='word_1_233' title='bbox 24 2319 113 2374; x_wconf 81' lang='lat' dir='ltr'><strong>its&#39;bus</strong></span> <span class='ocrx_word' id='word_1_234' title='bbox 124 2318 203 2380; x_wconf 82' lang='lat' dir='ltr'><strong>meis,</strong></span> <span class='ocrx_word' id='word_1_235' title='bbox 224 2319 330 2386; x_wconf 88' lang='lat' dir='ltr'><strong>inquit,</strong></span> <span class='ocrx_word' id='word_1_236' title='bbox 351 2318 406 2372; x_wconf 79' lang='lat' dir='ltr'><strong>nisi</strong></span> <span class='ocrx_word' id='word_1_237' title='bbox 419 2318 586 2387; x_wconf 79' lang='lat' dir='ltr'><strong>quieverint:</strong></span> <span class='ocrx_word' id='word_1_238' title='bbox 608 2317 682 2386; x_wconf 89' lang='lat' dir='ltr'><strong>quod</strong></span> <span class='ocrx_word' id='word_1_239' title='bbox 701 2315 829 2369; x_wconf 89' lang='lat' dir='ltr'><strong>auditum</strong></span> 
     </span>
     <span class='ocr_line' id='line_1_33' title="bbox 24 2381 827 2456; baseline -0.012 -16"><span class='ocrx_word' id='word_1_240' title='bbox 24 2405 73 2443; x_wconf 86' lang='lat' dir='ltr'><strong>ron</strong></span> <span class='ocrx_word' id='word_1_241' title='bbox 90 2385 251 2438; x_wconf 87' lang='lat' dir='ltr'><strong>concionem</strong></span> <span class='ocrx_word' id='word_1_242' title='bbox 267 2389 371 2456; x_wconf 82' lang='lat' dir='ltr'><strong>magis,</strong></span> <span class='ocrx_word' id='word_1_243' title='bbox 391 2403 474 2456; x_wconf 89' lang='lat' dir='ltr'><strong>quam</strong></span> <span class='ocrx_word' id='word_1_244' title='bbox 489 2404 555 2441; x_wconf 85' lang='lat' dir='ltr'><strong>mox</strong></span> <span class='ocrx_word' id='word_1_245' title='bbox 568 2388 680 2449; x_wconf 90' lang='lat' dir='ltr'><strong>Patres,</strong></span> <span class='ocrx_word' id='word_1_246' title='bbox 701 2381 827 2437; x_wconf 84' lang='lat' dir='ltr'><strong>offendit.</strong></span> 
     </span>
     <span class='ocr_line' id='line_1_34' title="bbox 24 2454 827 2522; baseline -0.012 -12"><span class='ocrx_word' id='word_1_247' title='bbox 24 2459 54 2510; x_wconf 74' lang='lat' dir='ltr'><strong>dt</strong></span> <span class='ocrx_word' id='word_1_248' title='bbox 66 2454 198 2508; x_wconf 86' lang='lat' dir='ltr'><strong>tribunus</strong></span> <span class='ocrx_word' id='word_1_249' title='bbox 209 2456 313 2522; x_wconf 79' lang='lat' dir='ltr'><strong>plebis,</strong></span> <span class='ocrx_word' id='word_1_250' title='bbox 333 2459 376 2510; x_wconf 81' lang='lat' dir='ltr'><strong>vir</strong></span> <span class='ocrx_word' id='word_1_251' title='bbox 390 2474 455 2510; x_wconf 82' lang='lat' dir='ltr'><strong>acer</strong></span> <span class='ocrx_word' id='word_1_252' title='bbox 470 2476 521 2511; x_wconf 88' lang='lat' dir='ltr'><strong>nec</strong></span> <span class='ocrx_word' id='word_1_253' title='bbox 531 2457 710 2515; x_wconf 85' lang='lat' dir='ltr'><strong>infacundus,</strong></span> <span class='ocrx_word' id='word_1_254' title='bbox 730 2455 827 2502; x_wconf 85' lang='lat' dir='ltr'><strong>nactus</strong></span> 
     </span>
     <span class='ocr_line' id='line_1_35' title="bbox 24 2520 828 2596; baseline -0.011 -18"><span class='ocrx_word' id='word_1_255' title='bbox 24 2534 95 2578; x_wconf 89' lang='lat' dir='ltr'><strong>nter</strong></span> <span class='ocrx_word' id='word_1_256' title='bbox 116 2523 292 2578; x_wconf 77' lang='lat' dir='ltr'><strong>adversarios</strong></span> <span class='ocrx_word' id='word_1_257' title='bbox 311 2530 463 2595; x_wconf 88' lang='lat' dir='ltr'><strong>superbum</strong></span> <span class='ocrx_word' id='word_1_258' title='bbox 482 2529 622 2596; x_wconf 88' lang='lat' dir='ltr'><strong>ingenium</strong></span> <span class='ocrx_word' id='word_1_259' title='bbox 637 2520 828 2576; x_wconf 85' lang='lat' dir='ltr'><strong>immodicam·</strong></span> 
     </span>
     <span class='ocr_line' id='line_1_36' title="bbox 24 2590 828 2666; baseline -0.006 -20"><span class='ocrx_word' id='word_1_260' title='bbox 24 2611 73 2663; x_wconf 78' lang='lat' dir='ltr'><strong>pue</strong></span> <span class='ocrx_word' id='word_1_261' title='bbox 85 2594 218 2661; x_wconf 85' lang='lat' dir='ltr'><strong>linguam,</strong></span> <span class='ocrx_word' id='word_1_262' title='bbox 238 2611 321 2664; x_wconf 86' lang='lat' dir='ltr'><strong>quam</strong></span> <span class='ocrx_word' id='word_1_263' title='bbox 331 2597 470 2651; x_wconf 84' lang='lat' dir='ltr'><strong>irritando</strong></span> <span class='ocrx_word' id='word_1_264' title='bbox 481 2597 669 2666; x_wconf 85' lang='lat' dir='ltr'><strong>agitandoque</strong></span> <span class='ocrx_word' id='word_1_265' title='bbox 679 2593 708 2643; x_wconf 93' lang='lat' dir='ltr'><strong>in</strong></span> <span class='ocrx_word' id='word_1_266' title='bbox 719 2606 766 2643; x_wconf 86' lang='lat' dir='ltr'><strong>eas</strong></span> <span class='ocrx_word' id='word_1_267' title='bbox 777 2590 828 2641; x_wconf 90' lang='lat' dir='ltr'><strong>im·</strong></span> 
     </span>
     <span class='ocr_line' id='line_1_37' title="bbox 24 2653 849 2741; baseline -0.001 -21"><span class='ocrx_word' id='word_1_268' title='bbox 24 2665 142 2741; x_wconf 79' lang='lat' dir='ltr'><strong>pelleret</strong></span> <span class='ocrx_word' id='word_1_269' title='bbox 150 2679 246 2734; x_wconf 78' lang='lat' dir='ltr'><strong>voces,</strong></span> <span class='ocrx_word' id='word_1_270' title='bbox 267 2683 339 2738; x_wconf 84' lang='lat' dir='ltr'><strong>quae</strong></span> <span class='ocrx_word' id='word_1_271' title='bbox 348 2668 488 2735; x_wconf 74' lang='lat' dir='ltr'><strong>insidiae,</strong></span> <span class='ocrx_word' id='word_1_272' title='bbox 502 2665 771 2736; x_wconf 65' lang='lat' dir='ltr'><strong>nosipsitantums</strong></span> <span class='ocrx_word' id='word_1_273' title='bbox 787 2653 849 2704; x_wconf 43' lang='lat' dir='ltr'><strong>a&amp;</strong></span> 
     </span>
    </p>
   </div>
   <div class='ocr_carea' id='block_1_3' title="bbox 0 0 935 2978">
    <p class='ocr_par' dir='ltr' id='par_1_3' title="bbox 0 0 935 2978">
     <span class='ocr_line' id='line_1_38' title="bbox 0 0 935 2978; baseline 0 0"><span class='ocrx_word' id='word_1_274' title='bbox 0 0 935 2978; x_wconf 95' lang='lat' dir='ltr'><strong> </strong></span> 
     </span>
    </p>
   </div>
  </div>
 </body>
</html>
