1860 2978
10 39 34 153 d
122 113 204 166 nru.
222 112 245 167 1.
264 111 456 167 caninus.
476 110 799 182 [v.c.197.n.c555.]
834 113 868 167 ns

15 230 25 243 “
62 231 120 277 tum
131 225 247 277 moenis
256 239 421 292 processura
431 228 519 287 erant,
526 227 637 276 tantum
649 222 761 275 termini
772 220 801 273 hi
808 239 868 275 con·

10 352 13 362 ,
62 296 166 349 socrati
176 295 399 363 proferebantur.

112 396 205 449 XLV.
221 399 311 449 ducta
321 397 434 449 civitate
443 396 633 465 magnitudine
644 396 729 458 urbis,
742 394 871 447 formatis

63 468 194 519 omnibus
206 467 283 518 domi
295 473 323 518 et
334 467 370 518 ad
381 467 450 519 belli
462 475 489 520 et
501 467 536 519 ad
547 467 624 532 pacis
635 481 751 528 usus‚ne
762 481 871 532 semper

63 537 150 589 umis
161 551 230 604 opes
242 538 459 603 acquirerentur,
481 537 598 588 consilio
610 551 711 603 augere
721 536 869 601 impurium

18 605 25 663 ἶ.
64 616 182 659 conatus
205 612 262 669 est3
283 606 367 657 simul
387 613 415 658 et
436 605 550 674 aliquod
573 604 675 657 addere
694 605 757 655 urbi
777 604 870 657 docus.

63 676 122 728 lam
135 681 198 727 tum
216 680 278 726 erat
290 676 426 727 inclutum
441 677 550 728 Dianae
562 673 699 742 Ephesiae
714 674 821 725 fanum:
840 675 872 725 id

65 744 252 797 conmuniter
263 760 281 795 a
291 745 451 798 civitatibus
460 746 543 797 Asiae
554 745 658 796 factum
668 744 743 795 fama
753 744 870 796 screbat.

65 816 158 876 Quum
170 829 335 865 consensum
346 814 467 882 deosque
477 816 653 866 consociatos
665 814 793 866 laudaret
802 814 872 865 mire

64 883 178 936 Servius
188 884 264 935 inter
272 897 401 950 proceres
406 884 578 947 Latinorum,
586 900 646 935 cum
658 884 756 950 quibus
761 884 872 950 publice

63 953 253 1021 privatimque
269 951 393 1019 hospitia
409 954 600 1022 amicitiasque
615 954 649 1005 de
662 953 799 1004 industria
813 954 872 1004 iun·

64 1028 158 1087 xerat3
180 1037 265 1089 saepo
283 1023 412 1074 iterando
433 1023 531 1075 eadem
549 1023 671 1089 perpulit
691 1022 818 1087 tandem,
840 1029 872 1074 ut

66 1093 173 1145 liomae
183 1091 280 1143 fanum
289 1092 399 1144 Dianae
414 1092 512 1159 populi
522 1091 616 1142 Latini
632 1106 695 1141 cum
704 1092 807 1158 populo
818 1093 872 1143 Ro-

65 1174 149 1213 sunno
159 1160 294 1214 facerent.
329 1162 444 1214 Eaerat
456 1160 602 1223 confessio,
623 1165 810 1226 caputremm
819 1159 873 1211 Ro·

66 1246 140 1283 snam
150 1246 229 1294 esse,
249 1230 348 1298 dequo
363 1233 447 1283 toties
463 1231 548 1283 armis
561 1236 695 1280 certatum
705 1228 806 1281 fuerat.
841 1230 873 1281 ld

65 1315 225 1369 quanquam
236 1300 370 1352 omissum
380 1302 438 1353 iam
449 1316 484 1352 ex
495 1300 617 1351 omnium
629 1314 695 1351 cura
701 1299 872 1364 Latinorum,

66 1372 102 1423 ob
113 1384 175 1423 rem
186 1370 271 1423 toties
280 1370 430 1423 infeliciter
440 1376 577 1422 tentatam
589 1370 688 1433 armis,
709 1370 871 1433 t‘idebatur3

39 1491 45 1503 ,
64 1440 115 1491 uni
129 1455 162 1492 se
177 1454 212 1491 ex
223 1438 335 1491 Sabinis
349 1439 408 1492 fors
425 1440 493 1493 dare
507 1441 569 1491 visa
578 1446 621 1492 est
630 1440 742 1508 priuato
753 1441 871 1492 consilio

64 1509 178 1578 imperii
187 1509 379 1576 recuperandi.
400 1510 459 1563 Bos
468 1511 498 1562 in
508 1510 618 1563 Sabinis
628 1516 694 1561 nota
705 1510 814 1561 cuidam
825 1524 874 1577 pa·

64 1578 233 1632 trifamiliae
248 1579 362 1643 dicitur,
381 1579 509 1633 miranda
518 1580 711 1648 magnitudine
726 1595 759 1632 ac
770 1580 871 1646 specie.

64 1650 138 1703 Fixa
153 1663 204 1716 per
218 1649 322 1700 multas
336 1656 443 1703 aetates
458 1665 562 1702 cornua
576 1648 756 1702 investibulo
772 1648 871 1714 templi

64 1719 176 1771 llianae
186 1724 394 1770 monumentum
405 1720 431 1772 ci
440 1719 518 1773 fuera
529 1720 673 1771 miraculo.
709 1718 824 1780 Habita,
842 1724 874 1767 ut

65 1794 143 1851 erat,
161 1787 412 1856 resprodigiiloco
424 1795 480 1842 est:
503 1795 531 1842 et
547 1789 773 1850 cecinerevstes,
795 1787 873 1838 cuius

65 1856 190 1912 civitatis
205 1872 268 1911 eam
284 1859 351 1909 civis
361 1859 470 1911 Dianae
485 1858 674 1919 immolasset,
693 1858 735 1907 ibi
750 1857 812 1907 fore
823 1857 874 1906 im·

67 1925 191 1995 perinm3
220 1925 305 1994 idque
331 1943 443 1980 carmen
466 1932 632 1994 pervenerat
656 1924 692 1974 ad
716 1925 871 1975 antistitem

64 1994 252 2051 faniDianae.
289 1996 421 2058 Sabinus,
438 2002 471 2047 ut
484 1995 575 2062 prima
586 1999 653 2059 opta
663 1992 723 2044 dies
733 1992 871 2045 sacrificio

65 2068 130 2118 visa
148 2072 204 2131 est,
224 2067 323 2119 bovem
340 2068 458 2119 Romam
480 2070 571 2116 actam
592 2062 705 2114 deducit
724 2062 761 2113 ad
776 2062 872 2114 fanum

65 2137 186 2201 Dianas,
198 2141 228 2188 et
239 2141 391 2188 antoanam
404 2134 511 2186 statuit.
547 2133 589 2184 lbi
599 2133 714 2185 antistes
723 2133 873 2198 Romanus,

64 2222 151 2275 quum
165 2220 230 2259 eum
244 2206 408 2274 magnitudo
425 2204 555 2257 victimae
571 2202 713 2255 celebrata
726 2203 803 2256 fama
814 2219 872 2255 mo·

63 2277 162 2339 visset,
171 2290 278 2328 memor
288 2275 414 2343 responsi
420 2272 551 2327 Sabinum
561 2273 603 2324 ita
614 2274 777 2341 alloquitur:
791 2272 873 2337 Quid·

63 2363 130 2400 stom
141 2356 182 2408 tu,
192 2343 294 2413 ltotpet,
301 2347 407 2413 puras?
416 2344 515 2411 inquit,
525 2343 624 2397 inceste
634 2344 798 2415 sucrificium
803 2342 873 2392 Dia·

63 2433 118 2469 stus
130 2416 249 2488 jacere?
270 2413 343 2478 Quin
358 2425 389 2466 tu
404 2423 467 2466 onte
486 2413 545 2465 sivo
556 2413 731 2483 perfunderis
739 2409 874 2479 flumine?

64 2484 168 2555 infima
183 2486 253 2537 salle
264 2483 397 2553 praefluit
412 2482 526 2536 Tiberis.
563 2482 713 2550 Religione
726 2475 880 2530 tactuslxn·

65 2571 140 2622 spes,
152 2554 202 2623 qui
212 2555 312 2616 omnia,
324 2561 356 2606 ut
363 2553 496 2622 prodigio
507 2554 699 2625 responderet
709 2552 901 2624 eventum-u·

60 2630 145 2688 peret
160 2624 217 2674 rite
232 2622 323 2689 laem,
343 2642 381 2679 ex
402 2628 514 2700 templo
535 2626 698 2685 descendit
714 2621 756 2675 ad
764 2616 926 2671 museum.
