1860 2978
47 39 146 71 ῑῦΠυῐ
157 39 224 67 ”Ulli
233 39 276 67 VM
287 39 401 69 (ΙΙΙΜΙΙΕ.
437 39 513 82 hege
523 39 643 77 Βᾶῦϊᾶιᾰ,
654 39 725 82 quw
733 39 854 66 ilianum

47 84 126 154 apud
138 99 187 136 eos
196 83 239 134 vis
250 84 390 151 cogendae
405 85 523 136 militiae
533 91 606 147 erat,
627 85 737 136 delectu
747 83 853 146 habito,

45 157 192 219 utrimque
202 153 288 203 validi
300 153 438 205 exercitus
453 154 573 221 profecti
582 155 609 204 in
620 154 747 220 Algidum
760 169 857 205 conve·

45 240 127 285 nere,
139 224 244 288 ibique,
259 236 382 274 seorsum
394 224 491 289 Aequi,
507 239 631 274 seorsum
640 223 745 284 Volsci,
765 230 857 274 castra

46 292 274 355 communivere3
289 292 483 357 intentiorque,
495 307 575 357 quam
586 309 705 360 unquam
716 298 789 355 ante,
801 309 857 342 mu·

45 362 148 415 niendi
170 361 371 427 exercendique
387 362 504 412 militem
521 378 585 411 cura
600 363 714 411 ducibus
730 368 802 412 erat:
824 377 856 411 co

47 434 117 501 plus
128 432 219 481 nuntii
230 433 347 481 terroris
359 431 474 481 Romam
488 432 616 480 attulere.
648 432 761 480 lieriatui
773 431 857 480 dicta·

48 513 147 554 torem
158 501 214 550 dici
224 501 342 566 placuit:
363 501 436 565 quio,
448 500 499 551 etsi
511 515 593 564 saepe
603 500 669 550 victi
681 499 783 564 populi,
801 515 858 549 ma·

49 575 115 624 iore
125 575 219 620 tamen
230 575 342 631 conatu,
361 584 442 635 quam
453 569 523 619 alias
534 584 663 634 unquam,
674 568 857 619 rebellarent:

52 647 83 695 et
104 639 281 706 aliquantum
301 639 443 690 Romanae
461 638 614 690 iuventutis
633 636 731 689 morbo
752 637 859 688 absum·

53 717 136 778 ptum
152 713 221 759 erat.
257 711 328 760 Ante
345 709 439 759 omnia
454 709 579 774 pratitas
597 708 741 759 consulum
756 707 849 758 discor

55 781 158 845 diuque
168 778 242 829 inter
253 779 339 844 ipsos,
358 785 387 829 et
398 781 551 830 certamina
560 778 587 828 in
599 777 722 829 consiliis
733 777 859 829 omnibus

54 848 209 903 terrebant.
245 846 324 910 Sunt,
341 849 388 915 qui
398 849 471 901 male
481 854 632 917 pugnatum
644 848 679 899 ab
689 845 731 898 his
741 847 859 899 consuli-

53 918 146 971 busin
211 916 255 968 'do
267 924 396 970 auctores
407 919 470 982 sint,
491 935 607 988 canique
619 933 730 970 causam
742 916 860 970 dictato·

56 990 94 1038 ris
106 1001 190 1038 crean
211 989 219 1036 i
230 985 324 1040 fuisse.
349 984 423 1040 Illud
433 990 502 1041 satis
512 994 631 1052 constat,
642 988 678 1040 ad
690 987 747 1039 alia
756 987 860 1038 discor-

56 1058 104 1108 das
115 1057 145 1107 in
155 1070 211 1106 uno
222 1056 354 1109 adversus
365 1058 479 1110 Patrum
494 1060 667 1110 voluntatem
677 1057 859 1115 comensissc,

55 1143 90 1178 ne
100 1125 226 1177 dicerent
237 1126 414 1180 dictatorem:
431 1129 531 1190 donec,
549 1144 630 1194 quum
642 1126 698 1178 alia
707 1125 770 1178 aliis
781 1126 859 1176 terri·

55 1193 339 1260 bilioraafferrentur,
349 1198 435 1249 necin
441 1199 607 1249 auctoritate
615 1201 727 1247 senatus
733 1194 859 1245 consules

56 1270 160 1326 essent,
171 1265 204 1328 Q.
214 1263 350 1317 Servilius
361 1268 481 1328 Priscus,
497 1268 611 1317 summis
621 1265 772 1316 honoribus
784 1278 858 1329 egre·

55 1336 103 1405 gie
113 1349 189 1397 usus,
217 1333 278 1400 Vos,
297 1337 397 1403 inquit,
414 1334 621 1402 tribuniplebis,
637 1332 762 1403 qnoniam
772 1333 808 1384 od
817 1348 859 1382 cx·

54 1416 143 1458 trema
153 1413 260 1458 centum
271 1416 318 1469 ert,
335 1414 443 1459 senatur
454 1407 583 1473 appellnt,
598 1404 668 1455 utin
679 1410 756 1455 tanto
768 1400 859 1455 discri-

54 1474 128 1527 mine
142 1473 305 1541 reipublicae
320 1476 480 1528 dictatorem
492 1473 579 1527 dicere
594 1476 713 1527 consuler
724 1489 777 1540 pro
785 1479 859 1539 pote·

55 1551 129 1595 etate
142 1553 235 1601 nestra>
246 1545 362 1614 rogatio.
399 1547 461 1608 Qua
475 1560 544 1596 voce
554 1544 663 1607 audita,
686 1543 859 1595 occasionem

55 1612 182 1665 oblatam
196 1614 255 1665 rati
268 1615 374 1666 tribuni
392 1614 533 1683 augendae
553 1613 702 1681 potestatis
719 1611 860 1673 secedunt,

54 1697 162 1751 proque
173 1683 294 1751 collegio
301 1685 490 1750 pronuntiant,
498 1687 614 1751 placere,
625 1685 742 1737 consuler
753 1679 861 1734 senatui
901 1709 906 1720 ‚

53 1751 130 1805 dicto
140 1751 280 1804 audientes
291 1770 345 1805 erae
353 1772 362 1804 .·
371 1753 396 1804 ri
406 1755 533 1805 adversm
542 1771 695 1807 concentum
702 1748 860 1819 arnplircinn

53 1817 161 1875 ordinis
175 1821 250 1872 ultra
266 1824 392 1887 tendant,
410 1823 439 1876 in
449 1823 556 1875 vincula
572 1840 599 1877 ce
609 1824 671 1875 duci
682 1837 724 1872 eos
734 1820 860 1870 iussuros.

45 1889 192 1943 eonsules
204 1887 238 1940 ab
247 1890 381 1954 tribunis,
401 1908 482 1959 quam
495 1895 529 1944 ab
545 1899 656 1954 senatu,
675 1889 747 1940 vinci
757 1885 861 1937 malue-

53 1964 135 2021 rnnt;
147 1958 289 2079 proditum
300 1960 451 2012 aPatribus
461 1962 560 2013 summi
570 1960 681 2027 imperii
691 1960 743 2018 ius,
755 1956 862 2006 datum-

52 2043 110 2147 qup
122 2043 162 2147 sp
182 2028 276 2097 iugum
292 2030 457 2083 tribuniciae
470 2030 605 2098 potestati
620 2028 795 2080 consulatum
807 2039 865 2071 rixe-

110 2099 125 2146 ’.
162 2100 317 2150 ruToml.
630 2098 663 2149 R
