1860 2978
61 113 113 167 122
211 112 246 165 r.
263 109 373 164 srvu
391 110 435 178 [u.
447 110 475 163 c.
488 106 710 178 casces]

60 235 134 273 mam
147 220 238 285 ipsam
253 233 283 269 se
294 221 502 283 oppugnaturos
517 214 702 266 minabantur.
739 217 789 279 Qui

59 306 150 351 rores,
171 302 253 354 quum
272 300 447 351 compescere
468 285 614 347 deberent,
634 300 736 336 auxere
750 287 789 336 ins

61 361 168 412 animos
177 356 280 422 plebis:
300 356 464 423 redibatque
480 370 534 406 non
546 369 596 405 sua
606 361 705 420 sponte
715 356 789 421 plebi

62 425 234 481 detrectandi
243 425 381 477 militiam.
410 424 464 478 Sed
475 424 522 492 Sp.
533 424 657 476 Licinius
672 426 789 476 tribunus

59 498 117 559 bis,
139 495 248 547 venisse
263 501 373 562 tempus
383 501 461 546 ratus
472 510 523 562 per
531 495 657 546 ultinrcm
668 496 788 547 necessit

59 567 130 632 legis
141 565 270 631 agrariae
278 564 409 615 Patribus
420 563 611 630 iniungendae,
633 570 789 631 susceperat

59 636 211 687 militarem
225 634 440 701 impediendam.
478 634 605 685 Ceterum
619 639 684 684 tota
697 633 789 685 invidit

59 704 188 755 buniciae
205 704 356 771 potestatis
375 718 457 755 versa
474 702 503 752 in
525 708 667 755 auctorem
689 708 744 754 ost:
765 719 789 754 n«

61 789 123 827 eum
135 773 262 825 consules
273 773 371 835 acrius,
394 787 476 840 quam
486 771 541 838 ipsi
551 773 611 825 eius
623 772 758 839 collegae,
773 789 788 824 e

59 848 136 894 surit:
159 843 319 909 auxilioque
339 858 435 895 eorum
457 842 595 894 delectum
611 842 738 894 consules
753 840 789 893 ba

58 911 165 964 Adduo
176 912 258 962 simul
268 912 345 964 bella
354 913 493 964 exercitus
504 912 648 965 scribitur:
664 911 789 963 dueendu

58 982 107 1033 bio
117 982 147 1031 in
157 983 276 1049 Aequos,
287 982 315 1032 in
325 980 459 1034 Veientes
471 980 556 1033 Furio
567 981 658 1033 datur.
681 982 718 1032 Et
728 982 757 1031 in
767 980 789 1032 V

59 1051 135 1103 tibus
146 1050 257 1117 quidem
267 1048 337 1101 nihil
349 1051 462 1117 dignum
473 1052 608 1103 memoria
618 1057 728 1118 gestum
737 1056 789 1103 est.

59 1120 267 1187 bio-‘aliquanto
289 1120 351 1187 plus
367 1121 473 1188 negotii
488 1136 550 1173 curn
567 1121 685 1183 civibus,
706 1135 788 1187 quam

59 1189 197 1251 hostibus,
207 1188 270 1239 fuit.
307 1189 384 1237 Unus
394 1189 443 1238 ille
453 1191 503 1248 vir,
523 1191 583 1253 ipse
594 1190 699 1240 consul.
717 1204 789 1255 remp

61 1275 120 1310 cam
131 1257 277 1318 sustinuit,
297 1271 379 1322 quarn
394 1256 533 1307 exercitus
549 1256 614 1307 odio
627 1258 763 1321 consulis,
784 1274 789 1306 s

60 1340 119 1380 tum
129 1327 159 1377 in
169 1342 199 1377 se
208 1324 273 1386 fuit,
283 1323 430 1390 prodebat.
460 1324 532 1377 Num
544 1341 626 1393 quum
638 1326 743 1389 consul,
755 1341 789 1393 pr

61 1402 168 1449 ceteras
178 1394 376 1459 imperatorias
387 1399 471 1455 artes,
477 1410 544 1462 quas
555 1394 678 1462 parando
689 1397 789 1464 gerend

60 1465 135 1518 bello
148 1462 235 1513 edidit
247 1460 390 1529 plurimas,
401 1464 444 1513 ita
452 1464 632 1517 instruxisset
642 1467 740 1530 aciem,
753 1472 789 1530 ut

61 1535 187 1601 equitatu
198 1533 314 1594 emisso,
336 1532 487 1584 exercitum
500 1533 623 1586 bostium
634 1534 776 1599 tunderet,

62 1604 108 1670 qui
119 1600 197 1652 lusos
208 1601 294 1667 pedes
305 1600 406 1653 noluit:
427 1619 478 1655 nec
488 1602 564 1666 illos,
575 1606 629 1657 etsi
640 1621 696 1656 non
705 1604 789 1658 adher

60 1672 143 1724 invisi
160 1671 253 1733 ducis,
273 1686 353 1721 suum
369 1673 467 1723 saltem
482 1672 621 1740 flagitium
638 1680 666 1726 et
681 1676 789 1741 publicu

60 1741 219 1863 praesentia
230 1740 358 1803 dedecus,
379 1742 528 1808 postmodo
539 1744 701 1809 periculum,
723 1746 748 1795 si
759 1761 789 1796 an

82 1811 137 1862 osti
147 1811 274 1872 redisset,
284 1824 385 1876 cogere
396 1812 489 1877 potuit
499 1812 615 1881 gradum
627 1816 783 1870 accelerare

61 1882 85 1932 si
95 1881 172 1932 aliud
181 1878 257 1942 nihil,
275 1880 380 1933 instare
391 1881 550 1934 instructos.
585 1885 694 1936 Iniussu
704 1885 785 1952 signa

60 1958 138 2013 runt,
158 1951 327 2018 maestique,
339 1951 482 2015 (crederes
493 1953 598 2016 victos)
609 1962 786 2009 exsecrantes

59 2020 270 2087 imperatorem,
287 2037 358 2072 nunc
373 2030 503 2075 navatam
514 2023 549 2074 ab
561 2025 653 2090 equite
665 2040 789 2091 operam,

63 2096 127 2140 eurrt
146 2091 176 2138 in
198 2097 296 2142 castra.
338 2092 396 2144 Nec
416 2090 480 2143 huic
498 2098 556 2143 tam
577 2094 719 2159 pestilenti
739 2094 789 2147 erle

60 2157 186 2207 remedia
200 2160 260 2210 ulla
274 2161 308 2210 ab
319 2161 489 2227 imperatore
504 2164 630 2229 quaesita
642 2172 717 2216 sunt:
739 2165 789 2217 ade

61 2226 225 2277 cellentibus
235 2229 355 2293 ingeniis
366 2232 447 2282 eitius
460 2231 644 2298 demeritam,
661 2251 714 2301 qua
727 2235 789 2287 cire

60 2300 140 2364 gant,
161 2310 242 2362 quam
263 2312 317 2360 qua
331 2297 438 2350 hostem
454 2309 592 2368 superent.
630 2305 732 2355 Consul
749 2305 789 2356 Ro

58 2366 151 2428 rediit,
169 2380 225 2415 non
235 2370 292 2415 tam
303 2367 371 2418 belli
381 2370 473 2434 gloria
484 2377 577 2434 aucta,
599 2389 680 2440 quam
693 2375 786 2426 irritat

60 2435 280 2503 acerbatoquein
291 2453 321 2488 sc
332 2438 452 2490 rnilitum
465 2441 538 2492 odio.
552 2444 703 2496 Obtinuere
715 2452 789 2496 tame

60 2506 290 2569 tres,utinFabia
298 2514 379 2573 gente
388 2511 687 2566 consulatusmaner‘et.
704 2514 743 2566 M.
750 2515 789 2566 Fa

62 2578 202 2629 consulem
213 2584 321 2630 creant:
336 2577 424 2629 Fabio
437 2581 546 2649 collega
557 2584 603 2634 Cn.
615 2582 739 2636 Manlius
750 2585 789 2637 da·

112 2647 211 2701 XLlV.
239 2650 277 2702 Et
296 2647 343 2700 hie
363 2663 449 2702 annus
469 2651 609 2705 tribunum
630 2661 773 2709 auctorem
