1860 2978
54 109 173 162 esav.
194 112 267 163 ers.
280 109 376 164 15.1o.
395 70 438 178 [u.
451 112 591 167 esses.
604 111 713 181 usqu]
753 112 803 165 317

53 214 156 267 indicta
170 214 237 276 sint,
257 231 382 265 reooenre
393 231 486 281 posse:
507 223 534 266 et
550 217 661 266 tooeudo
671 216 804 285 forsitan,

41 300 73 334 oe
84 283 122 333 dii
132 282 295 335 irrrrnortales
306 284 415 352 mulgeri
425 284 514 347 oeliut,
535 284 608 335 ltonui
617 284 711 347 ursinus,
726 301 803 350 quom

40 353 116 403 laudo
129 351 238 419 effundo
308 370 338 403 os
350 353 480 404 cenerati.
520 353 564 406 Sic
574 354 662 421 igitur
674 355 749 404 libris
759 357 806 426 fu·

40 421 116 482 libens,
128 422 166 471 sio
178 421 232 473 disc
285 439 319 473 uo
329 422 448 473 Etrusco
459 425 590 474 traditum
603 440 664 484 esse,
683 434 714 474 ut
725 441 805 492 quon·

51 507 122 556 oquu
133 489 238 542 Albano
250 492 419 555 abundasset,
431 502 496 555 tum,
507 487 596 544 sienim
607 492 743 545 Rostruuus
755 493 807 544 rite

40 559 150 622 risisset,
169 559 311 612 oietoriotn
332 564 362 612 de
388 561 541 614 Veientibus
562 562 637 614 dori:
665 569 806 633 antequam

47 629 120 699 fiat,
142 628 201 680 deos
216 630 322 683 moenio
342 629 492 684 Veientium
508 633 659 684 deserturos
678 649 807 685 noneste.

40 698 219 765 rsequebatur
234 699 313 762 inde,
335 715 404 768 quae
426 701 557 754 sollennis
576 701 709 753 derivatio
727 708 807 752 esset.

40 767 62 817 ul
75 773 217 820 auctorem
227 769 329 832 levem,
349 786 400 822 nee
415 772 482 822 satis
498 772 581 822 fidum
596 786 680 838 super
689 777 768 824 tanta
777 786 808 822 re

40 843 106 888 atres
115 838 184 901 rati,
205 837 351 891 deerevere
366 839 475 908 legatos
486 847 629 909 sortesque
641 841 747 892 eraudi
756 840 808 907 Py-

40 907 76 958 ici
93 909 300 974 exspectandas.
672 916 682 931 ⁷
870 927 871 931 ¹

58 975 133 1028 XVl.
150 977 311 1048 Priusquam
324 979 468 1047 aDelphis
480 986 604 1031 oratores
614 976 744 1041 redirent,
764 978 808 1029 nl·

40 1046 108 1097 ‚nive
125 1047 248 1117 prodigii
263 1050 374 1117 piacula
394 1051 596 1112 invenirentur,
617 1049 683 1099 nori
703 1048 807 1099 tribuni

40 1115 126 1167 ditum
144 1119 282 1170 consulari
291 1125 443 1186 potestate,
465 1120 496 1170 L.
508 1119 593 1169 lulius
604 1118 691 1178 lulus,
711 1117 745 1167 L.
756 1115 808 1166 Fu·

40 1201 65 1236 ss
83 1184 253 1239 Medullinus
275 1195 416 1256 quartum,
434 1189 467 1240 L.
487 1188 601 1255 Sergius
621 1185 756 1248 Fidenas,
776 1187 807 1236 A.

40 1255 167 1306 sstumius
183 1256 364 1326 Regillensis,
385 1258 415 1310 P.
437 1259 582 1310 Cornelius
595 1254 807 1324 Maluginensis,

51 1324 182 1389 Manlius,
195 1328 390 1394 magistratum
401 1328 530 1380 inierunt.
557 1327 600 1377 Eo
612 1341 682 1378 anno
693 1324 808 1391 Tarqui·

40 1410 118 1448 enses
128 1396 195 1446 novi
204 1395 298 1449 hostes
309 1399 409 1450 exorti.
436 1399 509 1460 Quia
520 1396 602 1447 simul
613 1395 709 1447 multis
718 1394 809 1456 bellis,

40 1465 176 1516 nlseorum
193 1466 228 1516 ad
243 1468 350 1528 Anxur,
372 1468 420 1518 ubi
432 1466 601 1534 praesidium
622 1463 808 1520 obsidebatur,

40 1548 166 1601 equorum
183 1535 219 1587 ad
229 1535 364 1598 Lasieos,
386 1537 433 1603 qui
446 1537 601 1588 Romanam
616 1535 655 1589 ibi
671 1533 808 1587 coloniam

40 1603 219 1671 pugnabant,
239 1603 275 1656 ad
289 1602 343 1656 hoc
356 1603 468 1658 Veienti
483 1621 591 1673 quoque
609 1611 637 1658 et
651 1604 763 1657 Falisco
782 1610 810 1656 et

40 1674 145 1741 spensti
155 1674 230 1726 bello
242 1680 391 1743 occupatos
401 1674 533 1727 ridebant
543 1675 692 1736 Romanos,
711 1690 761 1727 nec
770 1675 809 1724 in·

40 1760 55 1795 a
75 1758 167 1795 muros
188 1745 329 1812 quietiora
344 1745 458 1814 negotia
474 1743 745 1810 essecertaminihus
759 1744 809 1795 Pa·

40 1828 83 1864 unr
97 1829 131 1864 ec
145 1814 251 1883 plebis;
272 1814 347 1867 inter
361 1813 431 1867 haec
440 1815 531 1866 locum
542 1814 661 1864 iniuriae
673 1813 728 1863 rati
740 1828 808 1872 esse,

40 1882 172 1935 ¹sedatum
192 1885 220 1935 in
236 1898 333 1951 agrum
348 1883 502 1937 Romanum
522 1880 649 1933 cohortes
666 1880 809 1947 expeditas

40 1953 131 2005 ittunt.
167 1955 223 2005 Aut
239 1953 310 2006 enirn
326 1969 457 2021 passuros
472 1952 591 2003 inultam
600 1956 669 2002 'earn
679 1950 807 2000 iniuriam

40 2037 160 2084 smanos,
180 2039 215 2076 ne
230 2038 302 2075 noro
317 2023 392 2076 bello
408 2039 437 2075 se
453 2027 612 2074 onerarent:
634 2025 682 2071 aut
698 2019 809 2088 exiguo,

43 2107 95 2159 que
105 2106 203 2159 parurn
213 2093 317 2156 valido,
336 2094 461 2146 exercitu
472 2097 674 2159 persecuturos.
710 2088 809 2141 Roma·

40 2177 51 2212 s
61 2161 216 2230 indignitas
227 2163 330 2225 maior,
352 2178 434 2229 quam
445 2178 523 2225 eura,
544 2159 731 2229 populationis
742 2161 810 2211 Tar·

40 2230 191 2282 liniensium
213 2229 277 2283 fuit.
312 2231 356 2282 Eo
369 2247 420 2284 nec
435 2246 535 2299 magno
552 2236 653 2282 conatu
671 2233 809 2295 suscepta,

40 2315 59 2350 re
69 2299 99 2349 in
107 2299 221 2367 longum
233 2300 376 2353 dilatares
388 2307 438 2353 est.
473 2303 504 2353 Α.
516 2300 675 2352 Postumius
686 2304 715 2352 et
724 2298 757 2348 L.
769 2297 810 2346 lu-

40 2384 63 2419 ιε
73 2382 129 2419 non
139 2369 212 2420 iusto
226 2369 344 2433 delectu,
355 2371 474 2434 (etenim
486 2373 521 2423 ab
532 2370 650 2421 tribunis
662 2367 751 2434 plebis
761 2365 810 2414 im·

40 2437 207 2501 sitiebamus)
219 2439 269 2491 sed
278 2454 365 2507 prope
375 2440 609 2500 uoluntariorum,
628 2450 696 2503 quos
711 2432 810 2484 adhor-

40 2507 93 2558 ndo
103 2507 301 2571 incitaverant,
323 2515 419 2561 coacta
429 2527 523 2571 manu,
542 2522 593 2574 per
604 2519 701 2571 agrum
713 2504 810 2555 Caere-

39 2593 66 2626 m
78 2576 199 2643 obliquis
212 2579 369 2630 tramitibus
382 2580 496 2647 egressi,
512 2577 659 2628 redeuntes
671 2572 810 2638 apopula-

40 2646 131 2704 snibus
142 2661 297 2718 gravesque
309 2648 412 2717 praeda
419 2646 839 2716 Tarqu'ss'xesssssqqxessem
