1860 2978
78 130 128 183 196
225 129 257 180 n.
275 125 383 180 n1v11
401 127 443 195 [n.
455 126 554 183 0305.
572 127 604 178 A.
616 124 726 195 0447]

77 235 130 287 ait:
148 231 402 298 vociferantemque
413 231 520 282 Icilium
536 235 699 282 summovet.
735 228 877 281 Placidum

76 319 186 371 quoque
196 301 339 369 ingenium
348 306 406 352 tam
417 305 500 352 atrox
508 300 610 352 iniuria
621 298 802 352 accendisset.
813 297 880 350 Fer·

73 390 106 425 ro
117 372 179 424 binc
189 371 240 422 tibi
250 372 528 433 summovendursurn,
551 370 637 439 Appi,
656 369 754 436 inquit,
772 377 804 419 ut
814 368 881 420 taci-

75 453 135 494 tum
147 441 243 513 ferar,
262 442 333 508 quoi
345 442 431 495 celari
445 441 493 493 rit.
534 438 584 491 Vir
609 440 733 509 'nemego
744 438 882 491 Mucium

76 515 219 575 ducturus,
245 518 359 580 nuptam
375 511 556 580 pudicamque
614 509 729 561 bitures.
764 505 883 561 Prniuir

77 598 166 634 omnes
182 582 346 652 collegarum
385 597 468 648 unque
484 580 593 633 licterer
610 594 739 641 convoca,
761 573 884 646 expediri

76 651 171 721 virgas
182 660 209 703 et
219 666 324 705 recum
334 598 410 703 iube.-
431 668 485 705 non
495 648 614 702 manebit
629 657 710 702 extra
720 648 882 716 dominipe-

77 720 129 773 tris
149 737 245 788 sponsa
264 719 346 774 leitil.
383 718 457 785 Non,
478 719 502 772 si
518 718 694 772 tribunicium
708 716 844 771 auxilium
857 722 884 769 rt

73 790 298 861 provocationem
310 788 385 858 plebi
397 788 550 854 Romanae,
571 790 637 842 duur
658 804 734 841 arcer
748 782 884 840 libertatis

77 863 203 925 tuendae,
223 858 368 924 ademistis,
378 859 438 914 ideo
448 860 478 914 in
488 860 584 912 liberos
595 874 698 928 quoque
709 865 817 912 nostros
826 872 885 910 cerr·

77 931 207 1001 iugesque
223 945 337 1001 regnum
350 939 457 984 vertrae
467 926 575 982 libidini
585 930 678 982 iatum
690 937 739 981 est.
777 925 886 981 saner

77 1000 109 1054 irr
122 1007 233 1082 tergum
248 1009 276 1053 et
285 1000 316 1054 ire
329 1001 446 1054 cervices
461 1009 587 1062 nostran
602 997 742 1068 pudicitia
752 999 848 1051 saltem
856 993 887 1078 irs

80 1078 139 1123 tuto
151 1078 196 1122 rit.
231 1068 305 1123 Huic
314 1069 339 1122 ri
349 1070 390 1122 vir
400 1069 545 1152 afferetur,
567 1086 617 1151 ego
622 1066 810 1138 praesentium
822 1064 885 1131 Qut

79 1140 177 1194 ritium
187 1156 241 1208 pro
253 1154 364 1206 sponsa,
385 1138 527 1209 Virginius
538 1136 655 1190 militum
662 1154 715 1205 pro
727 1134 886 1207 emicastis,
922 1136 925 1145 ’

81 1227 170 1262 omues
187 1211 295 1261 deorum
310 1206 496 1277 bominumque
510 1206 714 1276 implorabimus
726 1206 830 1277 stirme
845 1223 888 1261 nr·

81 1296 132 1348 que
150 1288 180 1330 tu
190 1278 267 1330 istud
275 1292 393 1342 unquam
403 1279 538 1330 decretum
548 1275 606 1331 rime
616 1277 696 1331 cerie
711 1284 809 1330 nostra
819 1275 888 1349 '‘fi‘

80 1364 133 1400 res.
162 1347 287 1412 Postulo,
297 1346 323 1397 Α
338 1345 379 1412 pi,
391 1347 473 1399 ctiam
484 1356 566 1415 atque
576 1347 658 1400 etium
668 1346 828 1410 consideret,
838 1360 887 1415 qur

77 1416 267 1486 progrediere.
331 1415 567 1484 irginiuruiierit,
588 1415 699 1488 defiliu,
720 1416 767 1469 ubi
776 1416 889 1481 venerit,

81 1487 148 1554 quid
156 1494 233 1553 agat.
269 1482 328 1537 Hoc
339 1492 446 1537 tantum
457 1485 539 1550 sciat,
556 1487 621 1550 tibi,
642 1486 667 1537 si
675 1485 755 1540 buius
763 1484 890 1551 vindieiis

82 1555 193 1608 cesserit
200 1592 208 1618 ,
239 1554 416 1609 conditionem
436 1552 517 1624 filiae
536 1558 715 1624 quaerendam
735 1573 800 1609 erre.
837 1554 890 1619 Me,

82 1625 264 1678 vindicantem
273 1640 397 1693 sponsam
406 1624 435 1677 in
445 1625 608 1690 libertatem,
618 1626 676 1678 citu
686 1625 767 1680 citius
777 1627 889 1688 deteret,

83 1712 162 1762 quum
175 1695 253 1764 ficies.

137 1763 236 1816 XLVl.
257 1765 404 1817 Concitata
424 1768 574 1819 multitudo
596 1774 671 1830 erat,
694 1773 889 1834 certamenque

82 1836 189 1886 instare
200 1834 355 1887 videbatur.
373 1835 500 1889 Lictores
510 1837 618 1888 Icilium
631 1838 888 1888 circumsteteruntz

82 1921 134 1956 nec
145 1905 219 1956 ultra
229 1905 318 1956 minas
328 1912 420 1957 tamen
432 1922 593 1973 processum
606 1913 664 1969 est,
681 1922 764 1973 quum
775 1907 890 1973 Appius,

83 1973 147 2028 Non
159 1974 314 2044 Virginium
326 1977 432 2048 defendi
442 1977 474 2027 ab
486 1976 573 2040 Icilio,
592 1979 639 2028 rei
648 1976 799 2042 inquietum
808 1975 890 2028 bomi-

82 2061 151 2108 nem,
161 2054 188 2096 et
200 2045 370 2098 tribunatum
382 2046 464 2097 etiam
477 2064 546 2099 uurtc
556 2047 714 2116 spirantem,
726 2048 814 2098 locum
824 2044 889 2099 seii·

83 2114 166 2166 tionis
181 2131 311 2181 quaerere
316 2144 331 2178 ,·
346 2114 458 2166 diceret.
495 2115 555 2169 Nou
563 2116 756 2185 praebiturum
771 2131 798 2166 re
808 2115 852 2168 illi
860 2131 890 2168 en

83 2183 126 2234 die
141 2182 299 2233 materiam:
321 2184 368 2236 sei
380 2193 412 2235 ut
428 2184 481 2236 ium
497 2186 592 2250 sciret,
613 2203 666 2239 non
676 2186 706 2236 ii
716 2184 890 2252 petulantiae

82 2269 156 2314 sisae,
177 2252 224 2303 sei
237 2249 362 2320 Virginio
374 2254 477 2307 absenti
488 2264 515 2306 et
524 2256 616 2322 patrie
628 2255 731 2309 nomini
741 2263 769 2306 et
779 2254 879 2307 liberta

83 2323 121 2384 ti,
142 2322 248 2384 intutu,
269 2320 311 2372 ius
322 2338 352 2372 eo
364 2322 405 2374 bie
416 2340 443 2373 se
462 2341 515 2377 non
532 2325 682 2390 dicturum,
703 2340 788 2392 neque
802 2325 890 2378 decre·

85 2402 95 2443 t
100 2409 141 2444 um
153 2390 391 2459 interpositurum:
411 2409 428 2444 a
440 2391 478 2443 M.
494 2392 606 2447 Claudio
612 2395 777 2464 petiturum,
788 2395 891 2447 decede·

84 2471 128 2513 ret
144 2462 205 2513 iure
220 2478 283 2525 ruo,
303 2460 487 2528 vindicarique
498 2467 620 2532 puellam
633 2466 662 2518 iu
673 2475 815 2533 posterum
825 2464 891 2517 diem

80 2540 235 2599 pateretur.
275 2528 354 2594 Quod
362 2531 416 2584 uisi
423 2542 506 2598 puter
515 2545 624 2602 postero
636 2535 678 2586 iic
689 2533 830 2603 affuisset,
851 2535 891 2586 ie·

84 2601 213 2653 reitutiare
228 2618 256 2654 re
268 2601 346 2653 Icilio
360 2601 542 2670 similibusque
554 2604 637 2669 Icilii,
657 2621 740 2673 neque
755 2606 812 2677 legi
827 2621 891 2657 ruas

84 2670 214 2735 latorem,
234 2688 316 2742 neque
327 2672 474 2726 decemuiro
485 2674 665 2731 constantiam
676 2674 785 2746 defore:
806 2692 857 2732 rire
865 2691 891 2727 re

51 2768 99 2792 -ι
