1860 2978
96 410 312 468 ΕΡΙΤΟΜΕ
342 412 470 466 LIBRI
501 413 530 464 V.

30 531 148 584 bsidione
162 530 288 584 Veiorum
304 531 478 586 hibernacula
487 533 618 585 militibus
629 533 715 607 sacto

27 601 66 654 lt'a
76 619 118 654 res
130 618 211 668 quam
222 610 290 654 esset
305 620 386 665 noea,
404 603 618 672 indignationem
630 602 714 655 tribu·

27 671 108 737 plebis
122 671 220 733 mouit,
234 673 414 738 querentium,
433 690 486 725 non
501 672 564 725 dari
574 672 649 741 plebi
667 688 716 725 nec

27 756 87 793 nam
102 740 218 793 militiae
232 742 359 807 requiem.
394 742 509 810 Equites
523 752 580 794 tum
593 741 714 810 primum

28 810 52 860 is
62 827 163 863 merere
174 820 326 878 coeperunt.
359 811 446 876 Quum
455 811 597 864 inundatio
609 829 642 867 sn
654 813 716 865 lacu

28 879 208 963 saetacum,
226 890 314 944 uates,
334 882 512 950 quieamrem
522 881 715 949 interpretare-

28 949 139 1002 eostilus
150 958 247 1016 captus
258 960 306 1002 est.
340 951 445 1002 Furius
459 949 588 1002 Camillus
598 950 716 1003 dictator

28 1035 99 1072 tnnos
116 1020 231 1073 obsessos
252 1018 329 1070 Veios
344 1020 429 1087 cepit:
448 1020 621 1071 simulacrum
637 1018 717 1070 luno-

28 1104 80 1140 nom
92 1089 249 1143 transtulit:
270 1088 397 1141 decineam
404 1098 513 1157 partem
521 1089 641 1153 praedae
650 1085 717 1138 Del·

28 1157 112 1211 nollini
129 1158 210 1211 misit.
247 1158 321 1211 laem
343 1158 468 1210 tribunus
489 1156 617 1221 militum,
638 1168 718 1223 quum

28 1226 190 1290 toisideret,
207 1228 330 1295 proditos
346 1226 463 1280 hostium
472 1226 549 1296 filios
556 1225 717 1295 parentibus

28 1314 33 1347 s
53 1296 199 1366 statimque
210 1296 347 1350 deditione
352 1297 446 1371 facta,
457 1295 626 1350 Faliscorum
635 1295 718 1348 ricto·

30 1364 108 1419 stitia
120 1374 277 1421 consecutus
291 1374 341 1419 est·
378 1366 466 1431 Quam
477 1368 549 1419 alter
559 1384 593 1420 ea
603 1364 718 1419 censori-

28 1434 109 1489 lulius
124 1434 292 1500 decessisset,
302 1433 341 1490 'ia
356 1438 441 1489 locum
458 1437 515 1491 eius
526 1435 565 1488 M.
579 1434 718 1490 Cornelius

28 1521 45 1558 :a
55 1514 105 1559 est.
140 1503 240 1559 Neeid
247 1514 344 1574 postea
354 1506 530 1579 factumest:
550 1511 717 1577 quoniameo

28 1592 37 1628 ι
61 1573 150 1629 Gallis
163 1573 253 1629 Rama
273 1583 356 1645 capta
371 1583 420 1628 est.
455 1575 560 1629 Furius
578 1574 717 1640 eanum,

28 1643 103 1699 iulias
114 1660 132 1698 a
142 1644 211 1698 M
227 1644 319 1712 puleio
336 1644 446 1698 tribuno
457 1645 545 1712 plebis
555 1644 629 1698 dicto
642 1654 720 1709 esset,

28 1713 159 1769 ¹itstsaliit.
197 1662 284 1778 ὅππη
296 1713 412 1766 Senones
424 1713 499 1765 Galli
512 1712 632 1766 Clusium
650 1714 718 1767 olai·

28 1783 157 1855 illigati,
168 1800 186 1836 a
196 1791 292 1837 senatu
301 1780 377 1834 missi
387 1782 425 1834 acl
431 1782 638 1848 componendam
645 1780 719 1835 inter

28 1853 123 1909 munos
129 1869 235 1921 pacem,
241 1857 400 1920 pugnantes
410 1858 506 1904 cantra
515 1851 608 1902 Gallos
618 1849 649 1902 ia
659 1849 719 1903 acie

28 1940 85 1977 rum
95 1921 252 1977 stetissentt
272 1920 321 1981 lae
331 1918 414 1992 facto
428 1933 520 1971 earum
530 1918 662 1971 concitati
672 1916 718 1970 Se-

28 1994 101 2047 rtem
113 1991 217 2113 'qm
233 1989 357 2043 exercita
371 1986 527 2057 petierunt,
541 1986 666 2061 fissisque
682 1986 720 2040 al

28 2062 121 2117 lamen
160 2059 276 2125 omanis,
297 2074 391 2129 cepam
405 2058 499 2111 urbem
509 2066 623 2128 praeter
639 2056 719 2129 Capi·

31 2133 62 2186 in
71 2134 144 2202 quael
152 2148 180 2185 se
189 2130 314 2184 iuuentus
323 2131 495 2182 contulerat:
515 2128 718 2191 maiesataam,

28 2202 145 2271 tigniins
165 2200 308 2263 lanarum,
327 2215 391 2268 quos
409 2198 520 2268 osusque
554 2208 670 2261 asserat,
688 2198 719 2250 in

27 2271 168 2325 isaedium
178 2271 310 2332 ndentes,
329 2268 493 2323 occiderunt.
557 2279 717 2339 tquumper

29 2349 159 2407 sparteas
170 2339 303 2408 Capitolii
315 2337 372 2391 iam
385 2338 416 2391 ia
425 2354 555 2393 summum
566 2338 719 2397 sensissent,

29 2410 156 2479 clangore
168 2425 303 2473 anserum,
321 2406 361 2459 Μ.
369 2406 470 2463 Manlii
475 2408 624 2478 praecipue
635 2419 718 2473 opera

29 2488 92 2532 sunt.
128 2478 236 2533 Coactis
247 2476 340 2534 deinde
352 2488 468 2547 propter
474 2479 580 2551 famem
590 2473 718 2528 llanmnis

28 2566 85 2612 ere,
104 2557 137 2601 ut
145 2548 216 2601 mille
223 2550 314 2617 pando
324 2548 389 2601 auri
396 2550 493 2601 clareat
499 2586 508 2612 ,
530 2556 557 2599 et
567 2546 616 2600 ltoa
629 2541 719 2615 pretio

29 2618 156 2677 bsidionis
169 2628 303 2683 emerem
321 2616 424 2672 Fusius
437 2616 591 2685 cinnanos,
610 2616 733 2670 uictum*
