1860 2978
43 39 51 99 l

134 116 217 168 LlB.
235 114 272 168 ll.
292 114 376 169 CAP.
386 115 415 168 4.
425 114 450 168 5.
475 116 519 184 [U.
531 117 561 168 C.
572 117 630 170 245.
642 115 672 169 A.
684 117 715 168 C.
725 117 794 185 507.]
839 117 873 169 79

10 196 21 265 ἶ
71 222 118 284 lbi,
139 219 261 272 remotis
271 221 400 282 arbitris,
421 221 510 272 multa
518 221 593 271 inter
601 236 631 273 se
642 221 676 273 de
686 237 771 284 noro,
791 228 823 271 ut
834 222 874 284 fit,

70 290 186 343 consilio
204 290 327 358 egissent
333 308 340 354 ;
362 305 518 343 sermonem
534 306 629 344 eorum
645 306 681 343 ex
696 292 784 343 servis
803 307 873 344 unus

10 401 14 421 ,
69 360 191 427 excepit,
212 360 260 427 qui
270 360 328 411 iam
340 366 423 412 antea
432 360 461 411 id
473 367 598 413 senserat
613 362 672 428 agi:
695 361 743 413 scd
755 376 815 413 eam
827 377 870 413 oe·

10 436 14 449 '
69 432 218 492 caesionem,
227 435 259 480 ut
269 430 369 482 literae
379 431 482 498 legatis
491 432 631 494 darentur,
641 447 710 498 quae
721 431 872 498 deprehen·

67 518 112 554 sae
121 514 185 552 rem
197 514 349 567 coarguere
361 508 482 567 possent,
494 504 683 568 exspectabat.
719 500 871 569 Postquam

67 571 148 623 dotus
156 569 256 631 sensit,
272 585 332 622 rem
344 571 380 622 ad
391 573 519 624 consules
530 572 638 624 detulit.
677 572 820 634 Consules,
835 570 872 622 ad

68 638 317 708 deprehendendos
336 641 444 707 legatos
459 642 673 709 coniuratosque
689 642 810 708 profecti
824 640 872 691 do-

67 726 120 773 mo,
132 709 195 762 sine
206 709 329 761 tumultu
339 725 398 761 rem
410 726 519 764 omnem
531 726 707 781 oppressere:
726 711 873 763 literarum

68 781 93 830 in
103 777 313 848 primichabita
323 795 401 842 eura,
424 797 458 832 ne
474 782 683 835 interciderent.
719 781 873 832 Proditorl·

66 850 118 901 bus
129 849 272 916 extemplo
282 850 312 901 in
321 850 433 901 vincula
443 853 591 914 coniectis,
609 852 643 903 de
653 852 756 918 legetis
766 850 873 917 paullu-

67 920 125 971 lum
132 918 332 971 addubitatum
344 925 400 973 cst:
417 926 445 971 et
457 936 613 988 quanquam
622 921 677 973 visi
688 928 752 971 sunt
762 919 874 970 commi·

66 991 148 1110 figes,
159 995 191 1040 nt
201 986 325 1041 bostium
335 989 399 1042 loeo
410 995 518 1054 essent,
528 992 578 1042 ius
588 997 683 1044 tamen
693 989 817 1057 gentium
827 1005 875 1041 va·

78 1064 130 1111 ut.
535 1062 542 1069 '

118 1126 156 1181 V.
174 1126 310 1181 Debonis
323 1129 425 1194 regiis,
448 1144 518 1193 quae
528 1127 610 1179 reddi
622 1134 687 1178 ante
702 1131 875 1189 censuerant,

68 1214 112 1251 res
123 1198 237 1266 integra
246 1196 369 1251 refertur
381 1196 417 1247 ad
427 1195 536 1249 Patres.
572 1196 619 1247 llli
630 1196 698 1247 vieti
708 1197 752 1248 ira
761 1202 877 1249 vetuere

67 1268 160 1331 reddi,
176 1273 291 1321 vetuere
303 1266 482 1333 inpublicum
492 1266 594 1335 redigi.
622 1266 790 1334 Diripienda
800 1266 876 1334 plebi

67 1344 133 1390 sunt
143 1337 225 1402 dato3
235 1344 276 1401 ut,
288 1342 420 1389 contacta
430 1337 510 1405 regia
520 1337 635 1406 praeda,
651 1353 727 1405 spem
740 1338 769 1388 in
780 1353 875 1405 perpe·

68 1416 147 1460 tuum
157 1423 221 1458 eum
236 1405 282 1461 his
292 1408 371 1474 pacis
382 1408 532 1460 amitteret.
568 1410 642 1477 Ager
652 1409 875 1475 Tarquiniorum,

68 1479 117 1547 qui
125 1478 203 1530 inter
211 1479 310 1531 urbem
321 1493 354 1529 ae
364 1478 488 1531 Tiberim
503 1477 570 1542 fuit,
591 1485 768 1531 consecratus
779 1477 876 1540 Marti,

66 1548 191 1600 Martius
202 1546 303 1600 deinde
314 1562 426 1615 campus
437 1547 499 1600 ficit.
510 1548 596 1601 Forte
607 1549 649 1601 ibi
658 1555 717 1600 tum
729 1564 808 1616 seges
819 1548 874 1599 far·

67 1619 107 1670 ris
115 1618 223 1670 dieitur
232 1617 320 1669 {trime
330 1624 440 1670 matura
448 1619 545 1672 messi:
563 1635 644 1686 quem
654 1620 745 1686 campi
754 1618 874 1669 fructum

68 1688 136 1757 quia
145 1688 311 1757 religiosum
321 1694 383 1740 erat
392 1702 562 1752 consumere,
578 1690 719 1743 desectam
731 1703 793 1741 eum
804 1693 874 1739 stra-

10 1792 11 1797 =
67 1763 164 1810 mento
181 1774 211 1812 se
231 1763 305 1811 etem
319 1760 479 1827 magnario
494 1758 637 1811 hominurn
651 1753 735 1810 simul
748 1758 875 1809 immissa

10 1859 12 1866 ·
68 1828 202 1883 corbibus
212 1773 312 1880 indere
321 1828 351 1880 in
360 1828 496 1890 Tiberim,
510 1830 588 1880 tenui
598 1827 728 1880 liuentem
740 1842 825 1892 aqua,
843 1829 875 1874 ut

10 1942 12 1947 ,
70 1896 174 1951 mediis
184 1898 324 1949 caloribus
335 1899 417 1951 solet.
453 1898 497 1949 lta
505 1898 536 1948 in
546 1897 629 1948 vadis
642 1896 808 1947 haesitantis
821 1893 876 1943 fru-

10 1988 13 2020 ε
68 1968 159 2020 menti
180 1982 295 2020 acervos
317 1967 424 2020 sedisse
445 1967 537 2018 illitos
557 1967 638 2018 limo:
667 1966 789 2017 insulam
808 1962 875 2014 inde

69 2037 227 2106 paullatim,
243 2043 272 2089 et
284 2038 357 2101 aliis,
378 2053 448 2105 quae
459 2036 630 2090 ferttenrerc
640 2034 755 2099 flumen,
776 2032 874 2088 eodem

10 2141 12 2149 ·
69 2107 199 2170 invectis,
211 2107 329 2159 famam:
346 2114 445 2174 postea
456 2106 538 2160 credo
551 2107 663 2159 additas
673 2107 769 2169 meles,
780 2119 875 2156 manu-

10 2208 13 2216 =
70 2194 122 2248 quc
134 2177 271 2240 adiutum,
281 2182 314 2228 ut
324 2183 384 2228 tam
394 2178 518 2229 eminens
531 2193 605 2241 area,
616 2179 750 2246 timeque
761 2174 874 2242 templis

70 2264 180 2317 quoque
189 2262 224 2298 ac
233 2246 391 2314 porticibus
401 2247 569 2298 sustinendis
581 2254 663 2300 esset.
690 2246 874 2314 Direptisbo·

69 2321 112 2371 nia
122 2332 232 2387 rogum,
246 2315 372 2368 damnati
381 2317 548 2383 proditores,
566 2325 760 2386 sumptumque
772 2314 875 2379 suppli·

69 2390 155 2452 cium,
176 2388 351 2453 conspectius
363 2401 410 2450 oo,
430 2385 504 2455 quod
518 2401 624 2453 poenae
634 2387 785 2454 capiendae
796 2381 876 2431 mini-

69 2460 186 2512 sterium
198 2457 274 2524 patri
285 2456 320 2509 de
330 2456 428 2509 liberis
442 2457 600 2510 consulatus
615 2457 759 2524 imposuit,
775 2457 811 2513 et,
830 2449 877 2517 qui

69 2534 215 2597 spectator
229 2531 290 2578 erat
301 2525 483 2589 amovendus,
506 2543 568 2580 cum
581 2529 673 2594 ipsum
691 2525 805 2575 fortuna
815 2534 877 2570 exa-

69 2607 176 2654 ctorem
192 2597 329 2665 supplicii'
340 2596 427 2650 dedit.
463 2596 582 2648 Stabant
597 2595 715 2662 deligati
730 2589 766 2643 ad
784 2589 883 2655 palum

70 2669 241 2727 nobilissimi
255 2660 392 2726 iuvmesz'
402 2666 453 2724 sed
465 2682 482 2729 a
494 2667 614 2737 ceteris,
629 2667 714 2727 solut
729 2663 769 2720 ab
780 2659 901 2731 ignens
