1860 2978
57 39 75 66 ο
365 39 552 63 :nunu

59 112 188 180 Longam
200 108 338 163 coloniam
348 109 496 162 deductam
506 110 624 177 triginta
634 109 720 161 ferme
729 110 778 161 int«

58 198 90 235 ro
100 182 174 232 anni.
210 181 330 230 'l'antunr
342 185 436 231 tamen
447 196 514 246 opes
524 185 676 241 creverant,
691 180 778 231 araxis

61 254 99 304 sis
109 249 243 308 Etruscis,
255 255 286 299 ut
298 265 332 301 ne
343 256 434 300 morte
445 250 556 316 quidem
565 250 683 311 Aeneae,
694 265 744 300 nec
753 250 778 299 dt

60 322 132 372 inter
151 317 314 370 muliebrem
338 319 453 370 tutelam
478 320 716 385 rudimentumque
743 334 778 385 pr

60 388 174 458 puerilis
184 388 278 455 regni,
299 402 411 440 movere
422 404 500 440 arum
513 395 562 441 aut
572 390 728 441 Mezentius
739 389 776 438 ut

60 476 122 528 que,
133 458 245 510 autulii
255 457 304 509 alii
314 460 427 511 accolae
439 459 500 511 ausi
510 460 574 510 sint.
610 458 668 508 Pax
679 459 720 508 ita
731 473 778 508 con

60 535 112 591 rat,
123 535 155 580 ut
165 528 290 580 Etruscis
302 528 465 597 Latinisque
475 527 575 581 fluvius
580 528 689 588 Albula,
701 542 778 593 quem

60 599 184 651 Tiberim
199 604 311 662 vocant,
333 599 395 652 linis
406 604 489 652 esset.
526 598 628 651 Silvius
645 596 744 648 deinde
754 612 778 648 rr

59 668 170 720 Ascanii
183 668 270 732 iilius,
293 684 359 721 easu
374 669 496 739 quodam
510 669 539 719 in
553 668 632 719 silvia
648 672 738 718 natus.
775 666 778 717 ζ

60 752 132 790 nean
141 736 256 788 Silvium
268 744 356 790 creata
367 740 392 788 is
404 738 504 791 deiude
515 738 647 789 Latinum
658 737 774 789 Silvium

61 822 95 859 eo
107 806 234 858 coloniae
244 807 352 874 aliquot
362 807 507 870 deductae,
518 807 605 858 Prisci
616 807 711 857 Latini
718 822 778 873 app«

60 877 166 930 Mansit
176 875 272 927 Silviis
281 883 381 943 postea
392 877 520 929 omnibus
531 891 698 944 cognomen,
719 878 778 943 qui.

60 952 220 1016 regnarunt.
256 946 358 999 Latino
368 947 439 998 Alba
449 953 535 1008 ortus,
553 947 624 997 Alba
634 947 712 1015 Atys,
731 946 778 1014 At)

60 1033 123 1084 pys,
135 1018 230 1083 Capye
240 1017 369 1083 Capetus,
384 1018 488 1084 Capeto
498 1016 659 1080 Tiberinus;
675 1015 730 1082 qui,
741 1015 769 1066 in

62 1097 107 1139 ctu
117 1086 234 1138 Albulae
244 1088 334 1139 anmis
344 1089 511 1148 submersus,
522 1087 631 1138 celebre
641 1086 676 1136 ad
683 1089 777 1152 poster

61 1172 124 1208 men
134 1154 239 1205 llumini
250 1154 338 1209 dedit.
358 1157 480 1223 Agrippa
489 1155 553 1208 inde
564 1156 690 1208 Tiberini
701 1155 774 1206 lilius

60 1225 210 1292 Agrippam
221 1224 356 1277 Romulus
363 1224 475 1288 Silvius,
487 1240 505 1277 a
517 1236 597 1292 patre
609 1232 724 1292 accepto
735 1225 778 1291 ini]

60 1302 181 1361 regnat·
202 1294 355 1358 Aventino,
374 1294 491 1348 suintino
509 1296 568 1362 ipse
583 1296 667 1359 ictus,
688 1308 778 1362 regnu:

60 1379 157 1417 manus
168 1362 297 1415 tradidit:
318 1365 351 1428 is,
360 1365 486 1432 sepultus
495 1365 525 1416 in
535 1381 569 1417 co
581 1366 662 1428 colle,
682 1366 728 1431 qui
739 1380 778 1415 nu

59 1449 123 1501 pars
136 1434 278 1485 Romanae
295 1435 385 1497 urbis,
407 1450 559 1502 cognomen
575 1435 643 1487 colli
658 1434 735 1486 fecit.
772 1434 778 1485 l

61 1504 160 1555 deinde
180 1509 291 1571 regnat:
312 1505 337 1556 is
352 1505 527 1558 Numitorem
541 1512 626 1573 atque
646 1505 778 1556 Amulium

57 1578 146 1639 ¹ercet.
182 1572 331 1636 Numitori,
353 1577 400 1642 qui
410 1576 505 1642 stirpis
515 1576 653 1628 maximus
663 1580 732 1636 erat,
746 1589 777 1625 re

58 1647 198 1694 vetustum
216 1641 321 1696 Silviae
340 1646 430 1711 gentis
445 1645 531 1712 legat.
568 1645 633 1697 Plus
648 1650 740 1695 tamen
756 1644 778 1694 ri

58 1712 127 1774 tuit,
149 1727 230 1778 quam
247 1711 376 1762 voluntas
395 1716 483 1779 patris
499 1722 548 1765 aut
567 1713 735 1766 verecundia
750 1728 778 1763 a(

58 1781 142 1833 Pulso
157 1781 260 1844 fratre,
282 1782 407 1833 Amulius
423 1788 535 1850 regnat:
555 1783 633 1835 addit
649 1783 748 1834 sceleri
758 1798 778 1832 s<

58 1852 174 1918 stirpem
185 1852 282 1903 fratris
295 1853 404 1904 virilem
415 1852 564 1903 interimit:
576 1853 670 1903 fratria
683 1851 778 1902 filiael

59 1919 163 1972 Silviae
174 1937 223 1987 per
234 1921 354 1987 speciem
365 1920 487 1983 honoris,
504 1937 587 1989 quum
597 1921 740 1973 Vestalem
754 1936 778 1971 ce

60 1991 155 2056 gissct,
167 1998 301 2057 perpetua
309 1991 472 2057 virginitate
483 2007 559 2056 spem
570 1998 666 2058 partus
677 1991 776 2043 adimit

94 2058 142 2111 lV.
161 2059 216 2111 Sed
234 2061 395 2123 debebatur,
415 2067 446 2111 ut
458 2062 569 2128 opinor,
591 2062 657 2112 latis
673 2067 768 2113 tenitas

61 2129 150 2191 urbis,
170 2131 340 2196 maximique
361 2132 512 2183 secundum
533 2132 646 2183 deorum
668 2147 734 2198 opes
753 2131 778 2180 in

62 2199 237 2265 principium.
273 2200 309 2251 Vi
320 2215 479 2266 compressa
489 2201 618 2263 Vestalis,
630 2217 711 2268 quum
723 2216 778 2267 gen

61 2275 170 2334 partum
181 2270 322 2334 edidisset,
343 2287 392 2323 seu
403 2272 444 2322 ita
454 2277 524 2333 rata,
544 2288 593 2323 seu
604 2273 669 2339 quia
690 2273 754 2324 deus
766 2287 778 2320 a

62 2340 159 2405 culpae
174 2339 317 2392 honestior
335 2348 410 2403 erat,
430 2342 552 2393 Martem
568 2342 690 2392 incertae
707 2341 776 2406 stirp

61 2415 129 2460 trem
144 2417 290 2477 rruirrupat.
308 2409 363 2462 Sed
375 2428 426 2463 nec
437 2412 485 2474 dli,
497 2427 548 2463 nec
558 2409 692 2473 homines,
706 2416 754 2460 ant
765 2411 773 2459 i

62 2483 109 2528 aut
120 2480 235 2546 stirpem
253 2496 270 2530 a
287 2481 454 2534 crudelitate
469 2482 548 2549 regia
558 2481 712 2531 vindicant:
733 2496 778 2530 sae

62 2547 154 2600 tincta
174 2552 203 2600 in
225 2551 382 2603 custodiam
403 2552 497 2615 datu1·;
518 2565 618 2618 paneros
635 2550 663 2600 in
679 2548 778 2619 proila<
