1860 2978
376 13 485 65 ,ferm
517 3 608 49 tasse
624 1 684 47 ates
727 11 739 47 t

201 93 256 117 „tu
267 68 354 119 serris
365 68 485 134 publicis
496 67 617 118 sollenni
627 66 746 118 fonrilim

30 153 120 197 mrio,
142 150 230 201 genus
246 151 326 188 omne
336 137 506 188 Potitiorum
520 137 639 188 interiit.
675 135 752 187 llaec

30 220 102 276 nore
111 204 247 255 Romulus
256 222 312 255 una
321 222 356 256 ex
366 209 494 257 omnibus
504 206 653 272 peregrina
663 220 755 258 susce·

30 290 79 326 sm
90 280 152 324 tum
162 274 383 325 immortalitatis
392 276 497 326 virtute
507 282 615 342 partae,
626 275 661 326 od
673 290 754 341 quarn

30 359 74 395 nro
83 342 148 395 lete
158 342 303 405 ducebant,
314 343 416 396 fautor.

30 413 74 465 lll.
97 412 193 465 Rebus
213 413 312 463 divinis
333 414 386 464 rite
401 414 578 481 perpetratis,
599 419 756 482 vocataque

30 482 150 552 poilium
160 482 349 544 multitudine,
368 498 439 549 quae
450 484 608 536 coalescere
617 485 646 535 in
658 484 757 551 populi

30 585 31 599 t
42 567 148 619 corpus
157 552 237 603 nulla
246 567 285 614 re,
301 559 496 620 praeterquam
506 554 624 621 legibus,
635 560 757 619 poterut,

30 622 116 674 ledit:
136 636 208 688 quae
222 623 264 673 ita
274 627 371 673 saneto
387 624 484 688 generi
498 621 641 673 hominnm
653 622 759 689 agresti

30 697 115 754 utus,
133 691 160 742 si
170 708 200 744 se
210 692 271 759 ipse
282 692 469 744 venerabilem
480 692 637 759 insignibus
647 692 759 758 imperii

30 767 78 824 ret,
99 776 183 827 quum
199 768 293 815 cetero
311 760 409 813 habitu
426 777 457 812 se
473 761 679 826 augustiorem,
699 766 760 811 tum

30 847 71 883 me
79 832 229 885 lictoribus
240 830 386 883 duodecim
398 831 530 898 sumptis,
546 828 622 881 lecit.
657 829 714 882 nili
724 829 760 883 ub

30 916 67 955 uo
77 902 185 963 orium,
205 916 277 969 quae
288 902 407 968 augurio
422 917 538 970 regnum
549 900 760 968 portenderunt,

30 977 154 1034 secutum
168 986 312 1023 numerum
328 978 435 1039 putant.
471 972 519 1024 Me
538 970 613 1023 baud
634 972 759 1039 poenitet

30 1055 51 1094 n
60 1041 217 1095 sententiae
228 1058 302 1105 esse,
323 1042 421 1109 quibus
432 1048 461 1095 et
474 1042 650 1109 apparitores
660 1048 690 1095 et
705 1040 759 1095 hoc

30 1112 83 1163 rab
94 1111 222 1165 Etruscis
232 1112 368 1176 linitimis,
383 1114 458 1166 unde
469 1114 541 1166 selle
552 1112 666 1175 curulis,
683 1111 760 1165 unde

30 1186 297 1250 praetextesumpte
307 1188 362 1245 est,
382 1198 527 1236 numerum
543 1197 652 1251 quoque
667 1182 760 1249 ipsum

37 1265 68 1303 ιι
82 1250 188 1319 placet:
210 1258 239 1307 et
254 1254 295 1306 ita
305 1253 435 1307 habuisse
445 1254 592 1315 Etruscos,
613 1251 702 1319 quod,
723 1264 759 1304 ex

45 1320 101 1375 olm
111 1323 222 1389 populis
233 1324 416 1377 communiter
426 1328 520 1377 creato
532 1338 613 1390 rege,
632 1321 758 1389 singulos

49 1390 170 1459 ipopuli
184 1394 298 1447 lictores
313 1394 448 1447 dederint.
485 1393 634 1446 Crescebat
644 1390 759 1443 interim

58 1462 250 1516 munitionibus
266 1464 323 1517 alia
342 1472 425 1531 utque
441 1464 497 1516 alia
514 1460 668 1529 appetendo
684 1460 759 1522 locu,

64 1547 167 1599 uspem
177 1534 268 1600 magis
282 1534 396 1585 suturae
405 1530 607 1591 multitudinis,
629 1542 712 1593 quam
722 1528 760 1579 ad

70 1600 151 1653 ltum
162 1599 383 1665 bominumeret‚
400 1602 548 1653 munirent.
584 1594 706 1659 Deinde,
724 1612 760 1649 ne

78 1670 113 1723 ris
122 1671 285 1740 magnitudo
299 1678 386 1733 esset,
400 1670 565 1723 alliciendos
575 1667 761 1721 multitudinis

86 1745 162 1795 etere
174 1743 293 1795 consilio
305 1742 482 1794 condentium
492 1741 585 1805 urbes,
596 1740 651 1807 qui,
662 1738 760 1793 obscu-

96 1826 112 1863 ο
130 1810 263 1864 humilem
279 1812 432 1864 conciendo
448 1811 482 1862 od
499 1826 529 1863 se
544 1810 760 1872 multitudinem,

99 1896 160 1933 erra
170 1882 225 1935 sibi
234 1883 343 1949 prolem
354 1882 589 1947 ementiebantur3
599 1882 702 1943 locum,
713 1881 761 1948 qui

105 1956 158 2004 itus
178 1952 409 2005 descendentibus
428 1952 502 2004 inter
517 1953 587 2005 duos
608 1953 687 2003 lucos
708 1956 761 2011 est,

113 2023 175 2074 erit.
211 2023 254 2074 Eo
266 2038 301 2076 ex
318 2022 441 2074 finitimis
455 2023 564 2089 populis
575 2024 658 2075 turbu
671 2018 760 2070 onmis

119 2093 192 2157 nine,
206 2093 279 2144 liber
288 2109 322 2143 nn
334 2108 429 2145 seruus
439 2091 615 2157 esset5oridn
624 2100 760 2140 novarum

127 2164 190 2228 igit:
210 2163 292 2231 idque
304 2162 421 2229 primum
437 2163 473 2213 ud
485 2169 612 2228 coeptum
621 2156 759 2223 magnitu-

134 2233 173 2283 ris
187 2232 249 2284 luit.
286 2234 377 2294 Quum
390 2232 445 2282 iarn
460 2231 562 2282 virium
575 2227 654 2281 lioud
665 2228 766 2297 poeni·

141 2318 189 2354 um
200 2302 299 2357 deinde
309 2300 416 2357 viribus
427 2310 526 2374 purat.
561 2303 685 2359 uenum
700 2316 728 2330 ⁹
745 2308 749 2312 ’
