1860 2978
28 106 45 145 ο
58 106 141 145 nram
151 91 180 142 in
190 91 326 143 Aventino
338 91 449 154 (tinniit,
476 90 613 161 deumque
623 91 765 146 consuluit

28 161 91 225 riis,
103 176 175 228 quae
186 161 361 226 suscipienda
371 168 473 214 essent.

28 232 85 284 xl.
104 229 226 282 Adhaee
238 231 420 284 consultanda
433 232 675 300 procurandaque,
696 232 766 286 mul·

28 303 78 352 ine
89 299 168 351 omni
178 316 195 350 a
205 301 232 351 vi
243 305 272 352 et
283 303 366 353 ermis
378 317 519 365 conversa,
526 308 555 355 et
565 304 650 353 animi
658 302 766 373 aliquid
794 354 796 359 .

28 370 68 423 do
83 370 214 436 occupati
229 377 321 433 erant,
344 378 372 424 et
387 372 502 424 deorum
520 372 633 424 assidua
641 373 765 426 insidens

28 476 36 503 ‚
56 456 144 507 quum
157 441 293 493 interesse
303 443 385 493 rebus
397 439 523 492 humanis
534 443 656 494 coeleste
666 459 766 494 numen

28 516 116 572 retur,
140 525 175 561 en
184 510 292 576 pietate
306 512 426 562 omnium
437 517 553 578 pectora
561 513 714 575 imbuerat,
735 516 767 562 ut

43 595 80 632 ac
93 579 300 644 iusiurandum,
319 581 445 647 proximo
460 582 553 648 legum
568 597 602 633 ne
615 596 765 648 poenarum

28 666 47 713 ι,
65 649 210 701 civitatem
225 655 362 716 regerent.
397 651 436 702 Et
446 666 528 718 quum
537 649 592 718 ipsi
602 667 633 703 se
641 651 766 703 homines

28 720 81 786 gis,
99 718 178 770 velut
186 719 262 770 unici
273 721 401 787 exempli,
415 736 507 773 mores
516 720 685 786 formarent3
705 727 764 772 tum

28 789 71 838 ¹mi
83 788 170 840 etiam
180 789 284 856 populi,
295 791 424 856 quiante,
435 798 535 853 castra,
545 806 601 843 non
610 792 708 843 urbem
718 803 768 856 po·

28 858 83 908 nin
92 857 187 911 medio
200 859 235 910 ad
246 859 450 912 sollicitandam
463 860 582 911 omnium
593 876 699 929 pacem,
710 874 768 910 ere·

28 932 107 990 rant,
128 928 158 978 in
170 944 230 980 eam
239 929 433 981 verecundiam
444 930 644 990 andaniense,
659 935 691 979 ut
701 927 770 979 eivi-

28 1013 59 1060 n,
77 1002 170 1048 totam
181 998 211 1047 in
222 997 328 1047 cultum
337 1010 448 1048 versam
459 994 588 1058 deornm,
605 996 710 1048 violari
720 995 769 1046 du·

28 1072 57 1117 nt
72 1066 160 1118 nefas.
196 1065 290 1116 Lucus
306 1070 381 1128 enat,
403 1079 484 1131 quem
499 1064 620 1117 medium
635 1080 670 1118 ex
680 1079 768 1132 opaco

28 1150 47 1186 ιι
60 1135 124 1187 fons
140 1134 255 1201 perenni
269 1134 380 1201 rigabat
394 1149 474 1200 aqua.
511 1134 573 1197 Quo
589 1135 655 1203 quia
668 1151 699 1188 se
708 1149 770 1203 per·

30 1204 149 1257 eNuma
157 1205 217 1256 sine
228 1205 349 1268 arbitris,
369 1205 445 1257 velut
456 1204 492 1257 ati
502 1219 679 1272 congressum
691 1205 769 1268 dene,

28 1275 108 1336 ebat,
121 1275 248 1325 Camenis
260 1291 322 1326 eum
333 1277 424 1326 lucum
435 1276 568 1340 sacratim
588 1277 660 1343 qnod
671 1289 770 1329 earum

30 1344 135 1395 onciiia
149 1359 211 1395 cum
227 1346 345 1412 coniuge
355 1361 407 1397 sua
417 1346 521 1414 Egeria
532 1353 632 1398 essent.
667 1347 705 1397 Et
714 1342 769 1396 soii

28 1414 43 1465 i
53 1413 180 1465 sollenne
189 1414 318 1466 instituit.
335 1415 377 1467 nd
391 1415 421 1465 id
432 1416 584 1467 sacrarium
594 1413 720 1467 flamines
728 1411 770 1464 bi·

41 1498 126 1535 enrru
136 1489 265 1546 arcuato,
286 1482 348 1536 vehi
358 1485 452 1548 iussit,
472 1500 609 1552 manuque
620 1485 655 1536 nd
665 1485 769 1551 digitos

28 1568 52 1605 ie
74 1552 203 1605 involuta
226 1567 284 1605 rem
305 1553 427 1605 divinam
447 1553 552 1606 facere:
581 1554 770 1622 significantes

28 1636 49 1673 ιι
58 1621 217 1684 tutandum,
236 1622 385 1690 sedemque
401 1624 460 1675 eins
472 1625 558 1677 etiam
568 1623 598 1674 in
610 1624 716 1676 dextris
726 1636 770 1673 sa·

28 1706 71 1743 nm
80 1706 150 1743 esse.
177 1690 270 1744 Multa
280 1692 338 1744 alin
348 1693 484 1743 sacrificia
500 1694 618 1758 locaque
629 1693 718 1744 saeris
729 1689 771 1741 fs·

28 1760 82 1824 dis,
102 1775 172 1828 quae
191 1762 298 1827 Argeos
318 1762 464 1828 pontifices
484 1767 600 1822 vocant,
621 1761 769 1811 dedicavit.

28 1829 96 1882 sium
116 1836 210 1882 tamen
228 1831 379 1881 maximum
395 1829 454 1880 eins
472 1842 588 1894 operum
602 1826 658 1877 suit
670 1828 770 1891 tutela,

28 1896 769 1967 nmneregnitempus‚haudminorpaeisquemnegni.

28 1970 73 2023 luo
83 1970 213 2036 deinceps
223 1982 315 2035 reges,
336 1967 408 2019 elius
419 1967 478 2018 elia
487 1967 542 2029 vin,
555 1966 606 2019 ille
615 1968 705 2032 bello,
724 1966 770 2019 hie

28 2062 40 2104 ι,
52 2041 195 2093 civitatem
206 2043 351 2090 auxerunt.
375 2037 510 2088 Romulus
520 2042 626 2104 septem
637 2045 665 2092 et
673 2039 771 2105 trigin-

28 2111 243 2178 ignavitannos:
264 2107 356 2159 Numa
366 2112 423 2159 tres
435 2112 464 2159 et
474 2106 667 2175 quadraginta.
697 2110 770 2159 Tum

28 2180 68 2243 ia,
89 2185 150 2232 tum
159 2183 315 2245 temperata
325 2182 354 2230 et
363 2176 433 2231 belli
442 2182 472 2231 et
480 2177 556 2247 pacis
568 2179 688 2241 artibus,
709 2181 771 2228 erat

28 2264 72 2303 m·

28 2318 107 2371 ml.
124 2316 232 2370 Numae
250 2322 340 2370 morte
358 2316 394 2369 nd
411 2317 605 2385 interregnum
617 2329 666 2367 nes
677 2310 780 2363 neii'xt,

28 2388 158 2441 iTullum
168 2387 336 2456 Hostilium,
356 2395 493 2461 nepotem
500 2387 646 2449 tissimi,
666 2381 753 2435 nisis
762 2380 802 2430 'xm

28 2472 53 2506 ’ὃ
62 2472 128 2507 θΜθ
138 2456 215 2511 clm
224 2475 324 2533 pugna
335 2463 483 2521 adversus
492 2463 629 2520 Sabinos
637 2456 756 2515 inesse,
769 2463 819 2499 ne·

28 2525 248 2592 ⁹⁰P¹¹¹¹¹⁸ffl⁸⁸st=
288 2536 402 2599 Patres
413 2531 667 2598 auetntesineti.
691 2526 834 2582 muns
