1898 3292
123 423 207 475 orn.
226 423 247 475 1.
266 424 351 480 cnr.
361 426 405 482 so.
416 426 458 482 51.
482 428 802 501 [manducanai
836 436 871 488 ot

63 526 153 577 diuite
162 526 207 577 ibi
215 531 279 577 tota
289 527 335 580 die
345 531 376 581 in
387 530 506 581 concilio
518 530 605 579 variis
618 530 727 580 iactata
736 533 873 581 sermoni·

63 594 110 647 bus
121 600 215 649 erant.
251 596 363 649 Turnus
374 599 534 650 Herdonius
546 598 580 649 ab
592 598 686 649 Aricia
696 597 833 651 ferociter
842 601 873 653 in

63 666 209 719 absentem
225 664 411 733 Tarquinium
427 673 488 720 erat
509 668 645 719 invectus:
667 667 754 719 Haud
774 670 873 722 mirum

63 753 131 801 esse,
151 735 277 803 Superbo
285 738 401 789 inditam
412 737 514 789 Romae
524 753 676 806 cognomen.
713 736 787 799 (laur
798 740 874 791 enim

63 806 103 859 itu
113 806 189 857 elam
202 805 316 873 quidem
326 808 515 869 mussitantes,
536 808 621 875 uulgo
631 811 737 869 tamen,
753 822 814 859 eum
827 824 873 876 ap·

42 876 230 945 ¹qtseilnbnnt.)
269 875 312 929 An
322 877 464 947 quicquam
473 877 612 946 superbias
623 892 690 939 esse,
711 879 874 943 quamindi·

42 953 48 970 '
59 946 145 1017 ficari
155 946 196 999 sic
207 962 282 1007 amne
292 964 387 1001 namen
397 948 548 1001 Latinum?
565 945 740 1014 Principibus
750 949 828 1017 tange
838 947 872 999 ad

65 1017 138 1069 mmo
151 1015 260 1079 excitis,
281 1015 378 1084 ipsam,
397 1018 444 1088 qui
454 1016 594 1071 concilium
604 1017 744 1081 indixerit,
764 1018 873 1071 nonod-

65 1102 135 1139 ssse:
157 1086 263 1139 tentari
270 1089 397 1158 profecto
406 1086 578 1157 patientiam,
599 1095 639 1149 nt,
660 1085 788 1157 siingnns
800 1103 874 1139 acce·

62 1156 166 1225 pariat,
177 1155 306 1209 obnoxios
312 1167 430 1224 pressat.
468 1156 522 1209 vni
533 1157 603 1209 enim
612 1173 663 1208 non
677 1172 817 1224 apparere,
828 1156 873 1228 as·

60 1227 173 1300 sectare
193 1240 254 1277 eum
268 1225 410 1295 inspeciem
422 1227 452 1278 in
467 1226 597 1279 Latinos?
618 1224 697 1289 Quod
710 1226 735 1277 si
749 1226 793 1278 sni
808 1226 873 1279 bene

64 1295 233 1349 crediderint
242 1294 320 1359 cives,
335 1304 386 1348 ant
396 1294 420 1347 si
429 1296 560 1348 creditum
570 1296 646 1358 diod,
662 1304 690 1348 et
700 1313 752 1348 non
763 1305 875 1364 raptum

59 1364 217 1434 pentadio
237 1364 288 1428 sit,
307 1367 415 1418 credere
432 1373 459 1416 et
473 1364 590 1417 Lettinos
604 1369 774 1433 (quanquam
789 1364 875 1418 nesio

63 1435 169 1507 quidem
181 1434 365 1505 alienigenae)
376 1435 477 1488 deiece-
513 1434 563 1487 Sin
578 1449 639 1485 suas
656 1433 713 1485 eins
725 1434 876 1501 poeniteat,

63 1506 183 1577 (quippe
199 1503 248 1574 qui
263 1504 314 1558 aiii
328 1522 410 1575 super
428 1505 496 1557 adias
511 1503 700 1567 testamentus,
722 1504 876 1555 exsulatam

63 1585 138 1639 eant,
154 1575 223 1627 dena
235 1575 382 1640 amittant,
388 1580 401 1640 )
422 1575 488 1644 quid
496 1574 553 1644 spei
563 1574 680 1627 metiaris
691 1573 802 1627 Latinis
809 1591 875 1643 poe·

63 1646 159 1700 tendi?
181 1644 213 1696 Si
222 1660 250 1696 se
260 1646 386 1713 audiant,
407 1648 511 1699 deornm
522 1660 597 1697 suam
607 1659 736 1714 quemque
745 1643 808 1698 inde
817 1643 875 1697 att-

10 1732 12 1745 ·
63 1726 157 1769 taras:
176 1732 262 1784 neque
271 1719 360 1800 magia
374 1717 560 1770 observaturas
572 1714 641 1768 diem
651 1714 773 1782 concilii,
792 1730 875 1785 qnam

10 1810 14 1817 ·
62 1788 129 1855 ipse,
140 1784 190 1855 qui
200 1786 343 1850 indixerit,
357 1786 484 1839 observet.
519 1786 600 1838 Haeo
609 1791 693 1854 atque
705 1785 764 1839 elia
774 1786 874 1839 eodem

10 1890 14 1911 .
62 1856 238 1924 pertinentis
247 1856 398 1909 seditiosus
416 1856 645 1924 facinorosusque
657 1856 753 1919 homo,
774 1854 874 1923 hisque

10 1960 15 1983 t
64 1927 176 1980 artibus
186 1941 255 1993 opes
267 1925 343 1977 domi
353 1931 451 1982 nactus
458 1963 466 1990 ,
485 1942 568 1994 quum
580 1926 702 1978 maxime
713 1926 873 1986 dissereret,

10 2020 16 2031 ·
62 1996 220 2049 intervenit
230 1996 409 2063 'tarquinius
444 1995 753 2050 istinisorotionifuit.
774 1994 874 2047 Aversi

10 2078 16 2113 ι
63 2080 162 2119 omnes
178 2065 215 2117 ud
226 2066 406 2132 Tarquinium
417 2066 606 2119 salutandum:
628 2066 688 2133 qui,
708 2065 822 2117 silentio
832 2063 874 2115 fo·

10 2158 17 2185 .·
64 2144 126 2201 eto,
147 2135 273 2189 monitus
288 2150 306 2187 n
320 2137 471 2204 proximis,
492 2144 523 2187 ut
538 2142 674 2203 purgaret
688 2150 733 2196 se,
754 2133 829 2201 quod
845 2131 875 2183 id

10 2228 18 2249 r
61 2204 344 2275 temqonsvenisset,
360 2207 575 2275 disceptatorem,
591 2206 642 2266 ait,
652 2220 680 2255 se
690 2201 875 2268 snnrptumin·

10 2288 18 2324 t
62 2284 106 2331 ter
117 2284 232 2346 patrem
245 2284 273 2328 et
283 2274 391 2345 fliium:
412 2292 479 2330 cnca
495 2272 690 2328 reconciliandi
709 2286 751 2323 eos
766 2271 796 2324 in
807 2286 876 2341 gra·

10 2346 18 2393 i
63 2348 134 2401 tiam
155 2353 291 2399 moratam
305 2362 376 2399 esse.-
397 2356 437 2410 et,
458 2346 522 2415 qnia
537 2360 570 2396 ea
584 2358 628 2395 res
643 2340 784 2396 exemisset
797 2341 876 2394 iilam

10 2430 20 2464 t
65 2417 145 2482 dicun
160 2424 271 2485 postero
282 2416 324 2469 die
333 2425 469 2480 acturum,
484 2430 553 2483 qnae
563 2413 756 2467 constituisset.
791 2412 835 2467 Ne
844 2409 876 2465 id

10 2497 21 2535 s
65 2486 181 2556 quidem
202 2485 238 2538 eb
259 2487 355 2539 Turno
376 2488 477 2539 tulisse
497 2486 614 2537 tacitum
635 2483 742 2538 seruate
769 2482 875 2536 dixisse

65 2558 148 2620 euim,
159 2556 271 2609 Nattan
281 2556 427 2609 breuiorem
438 2572 493 2608 esse
503 2554 693 2625 cognitionem,
713 2570 794 2622 qnam
803 2555 876 2609 inter

10 2626 22 2676 i·
61 2637 175 2699 patrem
184 2635 213 2679 et
223 2626 331 2696 fitium,
346 2626 495 2709 pannoque
510 2624 631 2696 transigi
640 2625 728 2678 verbis
732 2641 826 2694 posse:
845 2619 877 2676 ni

10 2692 22 2747 i
63 2706 166 2769 eareat
171 2694 262 2766 patri,
272 2695 429 2749 habiturum
438 2695 623 2767 infortunium
633 2712 697 2750 esse.

10 2777 22 2815 n
114 2768 163 2820 Li.
182 2766 264 2819 liaeo
272 2767 400 2819 Aricinus
411 2766 440 2815 in
455 2781 550 2835 regern
561 2765 715 2817 Romanum
727 2764 874 2827 increpans

10 2851 22 2886 r
63 2853 98 2891 ex
108 2834 232 2891 concilio
243 2836 323 2889 abiit.
359 2838 448 2899 Quem
464 2851 524 2889 rem
533 2835 703 2901 Tarquinius
720 2831 876 2901 aliquanto,

10 2920 22 2953 u
64 2922 148 2975 quam
160 2904 320 2969 ridebatur,
330 2906 442 2974 aegrius
453 2904 553 2968 ferens,
563 2902 710 2956 confestim
721 2902 818 2953 Turne
827 2914 875 2953 ne·

11 2986 21 3025 s
65 2992 126 3035 cens
137 2975 330 3041 machinatum
351 2983 382 3028 ut
398 2976 516 3029 eundern
531 2982 686 3040 terrorem,
705 2969 891 3043 nundinum
