1860 2978
13 39 28 160 i
298 114 417 171 assa
454 118 538 172 cnr.
556 119 583 173 4.
593 119 619 173 5.
649 188 652 193 ¹
843 125 861 176 o

57 235 153 289 quam
166 218 249 271 mitti
261 220 351 273 iubet.
386 220 473 274 Forte
487 223 607 290 quadam
625 218 758 275 diuinitus
779 239 862 291 super

55 291 126 357 ripas
141 288 260 341 'liberis
275 290 381 341 effusus
394 292 503 344 lenibus
519 293 641 359 stagnis,
659 309 712 346 nec
727 292 802 344 adiri
818 309 862 344 us·

55 376 135 429 quam
144 358 183 411 ad
192 360 263 410 iusti
274 374 385 411 cursum
395 368 507 427 poterat
517 364 620 427 amnis3
631 369 668 425 et,
678 378 760 430 posse
765 378 862 430 quam·

10 469 15 494 ,
55 431 93 481 ris
107 428 248 497 languida
261 431 354 497 mergi
373 445 444 497 aqua
456 432 590 495 infames,
610 448 687 499 spem
706 433 861 486 ferentibus

10 519 15 584 j
55 498 148 552 dabat.
185 499 232 550 lta
240 500 320 551 velut
330 499 455 553 defuncti
463 504 538 569 regis
549 504 676 569 imperio,
696 519 723 553 m
735 503 862 570 proxima

10 587 14 662 Ι
54 569 171 631 alluvie,
191 568 243 621 ubi
256 584 330 621 nunc
344 570 413 621 ficus
427 571 582 624 Ruminalis
596 580 651 633 est,
672 572 861 633 (Romularem

11 665 15 702 Ι
54 644 182 692 vocatam
195 636 302 702 ierunt)
314 655 417 707 pueros
427 648 577 708 exponunt.
601 640 705 692 Vestae
716 652 775 693 tum
785 642 860 692 iniis

53 708 120 761 locis
135 707 307 759 solitudines
322 715 409 762 crant.
446 713 536 763 'l‘enet
551 711 640 773 fama,
661 726 743 778 quum
752 710 861 761 fluitan-

55 784 107 831 tem
118 778 245 841 alveum,
257 793 310 844 quo
322 780 444 846 expositi
454 787 534 832 erant
543 781 632 847 pueri,
648 782 738 831 tenuis
748 780 859 831 insieco

14 868 17 881 ·
55 862 124 916 aqua
133 847 321 912 destituisset,
339 849 432 915 lupam
444 851 587 902 sitientem
598 851 792 912 exurentibus,
811 849 861 916 qui

16 964 19 970 .
55 918 127 971 cirea
135 923 214 979 sunt,
226 917 264 970 ad
271 919 408 984 puerilem
414 921 539 985 vagitum
547 935 656 971 cursum
662 918 785 971 flexisse:
797 934 859 970 eam

16 989 19 1023 ²
55 988 218 1040 sumpsisses
232 986 388 1039 infantibus
405 988 476 1039 adeo
491 989 588 1041 mitem
603 990 764 1056 praebuisse
775 1004 860 1039 nram-

55 1072 121 1121 Μ,
142 1060 178 1109 ut
185 1056 286 1125 lingua
294 1056 463 1109 lambentem
474 1072 576 1124 pucros
587 1060 722 1122 magister
732 1058 805 1123 regii
814 1072 860 1122 po·

19 1187 22 1196 Ι
56 1128 127 1179 ooris
139 1126 289 1179 invenerit.
326 1126 465 1178 Faustulo
482 1127 571 1177 fuisse
584 1142 686 1177 nomen
697 1124 803 1177 ferunt:
826 1124 860 1175 ab

19 1202 22 1215 '
55 1196 135 1251 suad
144 1196 419 1249 stabulaLarentiac
428 1197 512 1248 uxori
522 1196 767 1248 educandoslatos.
781 1193 859 1256 Sunt,

56 1268 102 1335 pui
110 1266 287 1329 Larentiam,
306 1268 422 1336 vulgato
434 1282 558 1333 corpore,
579 1266 673 1333 lupam
685 1267 759 1318 inter
768 1270 860 1333 pasto·

24 1352 27 1361 ·
54 1352 97 1391 res
106 1342 239 1390 vocatam
248 1342 359 1405 putent;
378 1337 444 1389 inde
456 1335 547 1389 iocum
559 1337 669 1389 fabulae
681 1352 713 1387 ac
723 1335 858 1387 miraculo

55 1406 159 1461 ustum
195 1408 240 1459 lta
260 1407 363 1474 geniti,
381 1407 477 1474 itaque
497 1407 619 1470 educati,
640 1422 723 1475 quum
741 1407 859 1474 primum

55 1477 182 1531 adolevit
190 1484 279 1540 aetas,
288 1493 341 1529 nec
350 1478 380 1527 in
390 1478 518 1540 stabulis,
529 1493 580 1529 nec
592 1477 627 1528 ad
639 1491 741 1544 pecora
751 1490 859 1543 segnes,

54 1547 182 1601 venando
191 1562 342 1615 peragrare
354 1548 427 1599 eirca
437 1547 536 1600 saltus.
555 1548 639 1609 llinc,
649 1549 751 1599 robore
762 1558 859 1611 corpo·

54 1618 131 1671 ribus
142 1618 300 1685 animisque
311 1623 432 1684 sumpto,
442 1618 497 1669 iam
509 1633 562 1668 non
573 1617 647 1669 feras
655 1622 763 1668 tantum
770 1613 859 1667 subsi-

54 1694 137 1751 stere,
149 1686 201 1739 sed
210 1688 241 1738 in
250 1688 383 1751 latrones,
398 1688 504 1754 pracda
515 1694 639 1750 onustos,
653 1688 775 1752 impetus
786 1685 859 1736 face·

55 1773 92 1820 rs,
102 1758 319 1825 pastoribusque
329 1763 411 1826 rapta
421 1759 554 1818 dividere,
567 1764 595 1809 et
606 1755 724 1818 cumbis,
737 1769 859 1806 crescen-

54 1835 82 1881 te
91 1828 123 1879 in
133 1826 194 1879 dies
205 1843 291 1895 grege
302 1829 443 1891 iuvenum,
453 1829 528 1879 seria
538 1843 571 1879 ac
580 1828 658 1878 iocos
669 1826 818 1876 celebrare.

109 1895 143 1949 V.
162 1897 221 1948 lam
231 1904 292 1947 tum
303 1899 331 1949 iu
337 1898 467 1950 Palatino
479 1902 572 1947 monte
578 1895 717 1960 Lupercal
727 1893 781 1942 hoe
790 1891 859 1942 iuis·

54 1983 83 2019 sc
95 1964 236 2019 ludicrum
250 1966 358 2029 ierunt,
378 1973 407 2019 et
423 1965 608 2025 aPallantco,
629 1962 698 2013 urbo
715 1961 859 2022 Arcadica,

54 2036 237 2101 Pallantium,
247 2038 312 2089 dein
323 2037 471 2099 Palatium,
484 2038 606 2086 montem
619 2032 799 2101 appellatum.
817 2031 860 2084 lbi

55 2104 232 2169 Euandrum,
253 2108 301 2175 qui
316 2122 399 2159 exeo
415 2121 517 2175 genera
530 2106 668 2156 Arcadum
684 2104 779 2155 multis
795 2109 859 2155 anto

54 2178 269 2244 tempestatibus
279 2183 408 2229 tenuerat
419 2178 489 2239 loca,
504 2175 629 2227 sollenne
640 2175 756 2227 allatum
767 2189 802 2227 ex
811 2175 860 2224 Ar·

55 2247 136 2299 oadia
145 2248 312 2309 instituisse,
332 2253 366 2297 ut
376 2246 441 2297 nudi
453 2247 575 2309 iuvenes,
595 2246 720 2314 Lyceum
729 2244 805 2297 Pana
814 2257 860 2292 ve·

54 2322 194 2380 aetantes,
203 2332 254 2383 per
263 2318 356 2367 lusum
367 2323 449 2385 atque
458 2316 601 2368 lasciviam
612 2322 766 2376 currarent3
778 2324 860 2379 quem

55 2386 177 2439 Romani
192 2386 293 2438 deinde
302 2392 438 2437 vocarunt
447 2387 553 2438 Inuum.
589 2386 664 2436 Huic
676 2384 777 2435 deditis
788 2378 860 2429 ludi·

56 2470 116 2521 cro,
134 2471 221 2523 quum
231 2456 356 2507 sollenne
367 2463 462 2506 notum
474 2461 561 2518 essct,
580 2454 728 2505 insidiatos
744 2450 778 2499 ob
788 2448 861 2496 iram

55 2524 178 2593 praedae
193 2526 314 2577 amissae
329 2526 464 2587 latrones,
486 2541 568 2593 quum
578 2523 713 2574 Romulus
729 2519 759 2567 vi
774 2532 804 2567 sc
815 2515 861 2566 de-

57 2594 204 2657 fendisset,
220 2594 338 2647 Remum
350 2595 470 2661 cepisse;
491 2599 603 2660 captum
613 2591 676 2656 rogi
686 2587 798 2639 Amulio
807 2591 866 2637 tra·

58 2663 171 2729 didisse,
188 2664 266 2717 ultro
276 2671 446 2718 accusantes.
486 2663 608 2718 Crimini
620 2661 750 2718 masline
762 2658 886 2713 cabant,
