1860 2978
64 43 98 95 30
218 43 251 94 r.
270 39 374 93 urvn
393 40 437 108 [v.
450 36 699 107 claniaco]

63 147 193 216 sanguine
204 146 344 212 utriusque
351 146 455 213 populi,
470 145 577 197 decerni
584 146 680 213 potuit.
716 146 804 198 Haud
817 147 849 198 dir

64 218 149 283 plicet
160 232 204 266 res
215 216 308 277 Tullo,
328 231 497 282 quanquam,
516 222 577 265 tum
588 215 682 267 indole
693 217 791 279 anima,
813 222 849 268 tur

64 303 112 351 spe
122 285 263 346 victoriae,
278 284 401 336 ferocior
411 291 480 336 erat.
517 284 717 345 Quaerentibus
729 283 849 353 utrimqu

64 355 136 406 ratio
147 354 241 416 initur,
251 355 294 404 cui
305 361 333 406 et
343 354 457 405 fortuna
466 356 528 420 ipsa
537 355 665 420 praebuit
676 356 834 407 materiam.

115 422 216 474 XXIV.
227 423 312 476 Forte
322 425 351 475 in
362 424 472 475 duobus
483 431 541 474 tum
552 425 719 475 exercitibus
730 430 812 476 crant
822 430 849 475 tr

64 493 168 560 gemini
179 491 290 556 fratres,
301 511 352 546 nee
362 500 464 556 aetate,
474 509 525 544 nee
535 494 641 545 viribus
652 494 789 560 dispares.
811 494 849 545 lit

65 563 152 613 ration
162 563 356 630 Curiatiosque
366 562 466 624 fuisse,
486 562 555 615 satis
571 569 694 628 constat;
713 579 765 616 nee
780 562 849 615 ferm

65 647 109 684 res
126 632 306 698 antiqunalia
321 639 363 684 est
380 632 513 683 nobilium
534 637 627 685 temen
641 634 671 684 in
681 639 781 687 rotam
793 632 849 684 clar

66 702 206 751 nominum
218 717 296 753 error
306 707 412 765 manet3
432 702 522 752 utrius
533 703 628 769 populi
638 703 760 766 Horatii,
776 703 849 754 utriu

66 771 184 821 Curiatii
196 769 308 823 fuerint.
344 772 478 822 Auctores
495 777 612 837 utroque
623 772 751 823 trahunt:
773 773 849 839 plur<

65 848 158 890 tomen
168 841 287 902 invenio,
307 841 355 908 qui
364 841 504 892 Romanos
514 841 652 892 Horatios
661 845 771 894 vocent.
807 842 849 897 Hc

65 916 96 959 ut
112 925 223 976 sequar,
241 910 359 961 inclinat
372 910 488 961 animus.
525 911 593 961 Cum
609 911 766 978 trigeminis
782 926 849 980 ngur

64 994 157 1045 reges,
178 986 209 1030 ut
218 994 269 1046 pro
280 996 331 1032 sua
341 980 455 1047 quisque
466 979 557 1045 patria
576 979 708 1032 dimicent
717 979 807 1033 ferro:
826 980 849 1031 ii

64 1049 210 1115 imperium
222 1050 296 1112 fore,
316 1050 390 1101 undo
405 1049 525 1099 victoria
537 1047 630 1100 fuerit.
666 1048 747 1101 Nihil
756 1064 849 1102 recuso

64 1128 122 1168 tur:
143 1125 253 1186 tompus
268 1126 297 1171 et
309 1120 388 1171 loeus
403 1119 538 1170 convenit.
574 1117 739 1186 Priusquam
755 1119 849 1171 dimica

63 1195 127 1238 rent
132 1224 140 1249 ,
158 1187 259 1239 foedus
272 1189 356 1242 ictum
366 1189 441 1240 inter
450 1188 589 1239 Romanos
600 1194 629 1240 ct
638 1189 760 1241 Albanos
771 1195 815 1242 eat
824 1187 849 1240 hi

64 1257 182 1321 legibus,
192 1263 232 1318 ut,
248 1258 380 1323 cuiusque
390 1258 488 1324 populi
498 1258 570 1310 cives
581 1273 615 1310 eo
627 1259 778 1312 certamine
787 1258 849 1311 vicit

64 1331 138 1386 sent,
158 1324 183 1376 is
203 1325 286 1378 alteri
304 1327 408 1393 populo
429 1343 490 1379 eum
509 1329 583 1380 bona
601 1329 849 1398 pacejmperitare

64 1394 191 1446 Foedera
210 1395 268 1447 alia
288 1396 351 1447 aliis
372 1397 495 1463 legibus,
520 1405 643 1451 ceterum
662 1399 761 1451 eodem
782 1397 847 1450 mod

65 1465 164 1526 omnia,
179 1465 257 1516 fiunt.
294 1467 366 1516 Tum
377 1466 418 1518 ita
428 1465 534 1518 factum
546 1469 711 1534 accepimus,
720 1484 773 1520 nec
782 1467 849 1519 ulliu

63 1535 201 1586 vetustior
210 1533 331 1588 foederis
341 1537 475 1589 memoria
485 1544 535 1590 est.
564 1538 681 1593 Fetialis
694 1536 849 1604 regem'l'ui

62 1604 120 1655 lum
129 1605 171 1654 ita
180 1605 303 1671 rogavit:
326 1606 438 1660 iubesne
448 1624 498 1671 me,
518 1625 575 1671 rex,
589 1625 648 1661 cum
656 1617 740 1677 putre
747 1615 849 1675 patrat

58 1673 264 1741 populc'Aibani
274 1677 375 1748 foedus
384 1677 493 1749 scrire?
511 1679 624 1731 iubente
635 1691 710 1744 rege,
724 1676 849 1747 Sagms'nt

61 1744 160 1809 inquit,
174 1753 210 1808 te,
221 1763 279 1809 rex,
288 1762 376 1813 porco.
405 1748 465 1798 Rex
476 1748 523 1810 uit,
533 1748 640 1800 Puram
651 1747 747 1799 tollito.
772 1747 849 1799 Fetia

62 1814 97 1864 iis
117 1828 151 1865 cx
167 1829 230 1868 arce
245 1817 378 1883 graminis
395 1815 510 1870 herbam
525 1833 623 1884 puram
639 1817 746 1867 attulit:
766 1823 849 1883 poste

60 1899 155 1951 regem
170 1884 211 1937 ita
225 1887 347 1954 rogavit:
368 1886 568 1959 Rex‚.faoiine
581 1904 622 1939 me
637 1896 668 1939 tu
679 1885 786 1956 regium
798 1902 849 1939 nun

62 1954 130 2004 tium
146 1956 242 2022 populi
259 1956 378 2009 Romani
398 1955 564 2020 Quiritium?
593 1973 673 2019 vata,
704 1955 848 2024 comiteoqo

62 2025 148 2074 oreos?
168 2025 229 2076 Rex
239 2027 391 2091 respondit:
414 2026 491 2089 Quod
503 2027 559 2078 cine
572 2027 676 2098 fraude
687 2041 745 2077 mee
757 2027 849 2094 populi

61 2108 111 2157 que
121 2091 236 2146 Rotnani
249 2095 398 2158 Quiritium
407 2096 478 2165 flat,
493 2095 582 2168 facio.
619 2095 735 2148 Fetinlis
749 2101 812 2146 crat
823 2094 849 2146 M

61 2160 204 2213 Valerius:
226 2171 333 2229 patrem
353 2172 492 2232 patratum
509 2163 555 2231 Sp.
570 2165 685 2217 Fusium
705 2165 784 2226 fecit,
804 2176 849 2217 vet

60 2232 132 2283 bena
149 2241 232 2298 caput
247 2235 418 2301 capillosque
434 2240 559 2301 tangens.
595 2237 680 2288 Pater
690 2239 817 2300 patratus
828 2249 849 2284 a·

59 2301 250 2354 iusiurandum
261 2305 439 2371 patrandum,
457 2304 486 2353 id
499 2310 553 2366 est,
572 2304 752 2357 sanciendum
762 2306 795 2354 fit
805 2302 849 2355 fou

60 2371 125 2436 dus3
147 2373 295 2440 multisque
307 2374 337 2423 id
348 2373 448 2434 verbis,
466 2388 537 2438 quac
549 2377 632 2443 longo
645 2374 730 2426 effata
742 2373 849 2424 carmin

59 2457 113 2491 non
124 2458 224 2508 operac
235 2451 277 2495 cst
288 2443 401 2504 referre,
420 2443 537 2511 peragit.
574 2445 697 2510 Legibus
709 2443 809 2494 deindo
821 2457 849 2494 rc

60 2510 162 2562 citatis:
184 2513 270 2575 Audi,
290 2513 394 2579 inquit,
416 2512 539 2580 Iupitem
560 2516 639 2578 aredi,
651 2521 734 2582 poter
747 2519 849 2581 patrat

57 2581 151 2647 popuii
162 2582 261 2636 Albani
265 2599 278 2645 5
297 2582 363 2636 audi
374 2591 418 2646 tu,
435 2586 552 2656 populos
562 2585 700 2645 Albanum
715 2592 747 2635 ot
758 2583 807 2635 itta
814 2598 849 2653 pq
