1860 2978
28 211 76 272 be,
91 216 141 262 est.
170 211 257 261 lulius
268 211 364 262 consul
372 213 400 261 in
411 225 514 279 aggere
524 212 665 278 murisque
675 213 761 278 expll-

28 280 125 346 :opiam
138 296 155 330 a
163 278 294 346 Virginio
306 285 419 331 senatus
431 281 459 329 in
470 280 537 332 aede
548 281 655 342 Quirini
666 297 762 332 consu-

28 365 37 399 :
75 348 249 400 Dictatorem
261 350 316 400 dici
326 351 356 400 Α.
369 349 516 400 Servilium
527 350 627 415 placet,
649 352 691 400 cui
702 350 761 401 Pri-

28 417 84 479 ilii,
102 419 150 468 alii
161 418 273 469 Structo
285 419 371 470 fuisse
383 434 533 484 cognomen
544 421 664 471 tradunt.
700 419 760 470 Vir·

28 503 64 549 rs,
84 486 149 537 dum
162 489 299 555 collegam
311 489 479 550 consuleret,
499 495 630 550 moratus,
650 491 762 555 permit-

28 571 97 620 ceo,
116 563 197 608 nocte
208 556 372 609 dictatorem
382 557 461 611 dixit.
495 557 523 608 ls
533 558 587 610 sibi
597 560 762 626 magistrum

28 631 86 676 tum
95 625 256 677 Postumum
267 627 413 678 Aebutium
422 627 521 680 Elvam
533 627 606 678 dicit.

28 694 102 746 [ΧΗ.
119 694 250 747 Dictator
266 712 360 748 omnes
375 696 436 749 luce
452 697 542 762 prima
557 701 638 749 extra
651 704 764 764 portam

28 765 99 815 inam
110 764 207 818 adesse
218 766 303 817 iubet.
328 766 539 833 quouscunque
550 766 624 818 vires
636 774 764 834 suppete-

28 833 75 886 :ad
86 849 165 886 arma
173 832 297 898 ferenda,
313 842 424 903 praesto
434 837 529 888 fuere:
551 837 632 904 signa
642 852 677 890 ex
689 853 765 890 aera-

28 909 145 970 ›rompta
155 904 281 957 feruntur
292 906 327 958 ad
339 906 511 959 dictatorcm.
523 909 601 970 Quae
607 922 690 974 quum
701 921 765 973 age·

28 989 65 1037 ur,
78 971 174 1027 hostes
189 975 217 1026 in
231 976 294 1028 loeo
304 976 407 1029 altiora
419 991 586 1028 concessere.
622 977 664 1027 Eo
677 975 764 1028 dicta·

28 1044 128 1110 tgminc
139 1044 241 1097 infesto
253 1047 342 1097 subit:
358 1061 409 1098 nec
418 1046 515 1112 procul
526 1044 664 1097 Nomento
676 1045 763 1111 signis

28 1114 88 1174 etis,
109 1112 181 1165 fudit
196 1115 331 1167 Etruscas
347 1116 485 1182 legiones:
509 1114 645 1181 compulit
660 1113 725 1165 inde
734 1113 765 1164 in

28 1197 61 1233 tm
75 1180 203 1248 Fidenas,
224 1185 354 1252 valloque
376 1182 564 1236 circumdedit.
602 1181 657 1233 Sed
676 1196 765 1248 neque

28 1267 44 1302 s
55 1252 118 1317 capi
127 1260 238 1320 poterat
248 1255 313 1305 urbs
324 1255 383 1306 alta
393 1260 421 1306 et
431 1253 548 1315 munita,
569 1266 656 1319 neque
671 1251 702 1301 in
716 1253 763 1303 ob·

28 1336 70 1372 me
80 1321 120 1372 vis
130 1322 190 1375 ulla
200 1330 270 1386 erat,
283 1324 347 1391 quia
356 1323 523 1375 frumentum
534 1337 590 1373 nou
600 1320 764 1373 necessitati

29 1390 133 1453 osefis,
153 1392 202 1444 sed
213 1393 310 1461 copiae
321 1409 441 1461 quoque,
464 1391 570 1445 abunde
581 1407 616 1444 ex
625 1397 689 1444 ante
700 1406 763 1443 con·

28 1459 216 1513 osulliciebat.
251 1463 308 1527 lta,
329 1463 504 1530 expugnandi
518 1463 625 1530 pariter
636 1460 764 1530 cogendi-

28 1527 61 1580 ad
72 1528 241 1583 deditionem
251 1548 300 1600 spe
312 1534 422 1596 amissa,
438 1532 560 1584 dictator
569 1533 598 1583 in
608 1531 688 1594 locis,
700 1546 764 1598 pror

42 1598 275 1665 propinquitatem
296 1603 383 1666 notis,
412 1603 447 1654 ab
468 1618 566 1655 aversa
585 1608 665 1668 parte
686 1600 763 1652 urbis

28 1666 83 1719 ime
93 1669 228 1735 neglecta,
250 1673 424 1738 quiasuapte
435 1671 686 1724 naturatutissima
696 1677 763 1733 erat,

28 1736 84 1789 ein
94 1753 186 1790 arcem
197 1741 354 1793 cuniculum
364 1741 499 1792 instituit=
517 1742 587 1806 ipse,
609 1740 762 1792 diversissi·

28 1804 98 1858 locis
115 1807 257 1861 subeundo
279 1811 315 1862 ad
335 1810 447 1861 moenia
463 1809 661 1876 quadrifariam
672 1808 762 1859 diviso

27 1875 92 1939 citu,
109 1878 156 1945 qui
166 1878 216 1929 alii
228 1880 289 1930 aliis
300 1878 480 1931 succederent
492 1878 528 1928 ad
539 1891 668 1944 pugnum,
678 1877 763 1926 eonti-

28 1944 99 1998 ldie
119 1963 152 1998 ac
171 1955 253 2000 nocte
272 1948 381 2014 proelio
397 1948 432 1998 ab
452 1962 534 1998 sensu
555 1945 647 2011 operis
667 1943 762 1996 hostes

28 2015 114 2068 tebet:
131 2016 226 2080 donec,
237 2016 364 2083 perfosso
375 2032 393 2068 a
403 2015 503 2067 castris
514 2020 617 2079 monte,
628 2019 723 2066 crecta
732 2014 761 2065 in
774 2048 777 2053 -

28 2099 51 2135 m
59 2085 105 2136 ria
118 2092 175 2149 est;
194 2087 363 2152 intentisque
374 2083 498 2137 Etruscis
513 2085 549 2137 ad
558 2101 644 2137 vanos
657 2101 673 2137 a
684 2090 760 2137 certo

28 2154 83 2205 2ulo
94 2155 197 2217 minas,
219 2156 324 2207 clamor
334 2169 418 2223 supra
431 2162 514 2222 caput
530 2153 641 2208 hostilis
652 2161 762 2222 captam

27 2238 55 2273 m
77 2224 209 2276 ostendit.
245 2225 288 2276 Eo
304 2239 375 2275 anno
392 2226 422 2277 c.
436 2225 535 2278 Furius
549 2224 659 2278 Pacilus
678 2232 707 2277 et
721 2225 761 2278 M.

28 2292 102 2342 anius
121 2291 280 2346 Macerinus
301 2308 428 2348 censores
452 2295 547 2348 villam
568 2295 710 2364 publicem
730 2295 760 2344 in

28 2374 58 2478 plo
73 2359 176 2413 Martio
193 2362 390 2432 probaverunt:
411 2364 505 2433 ibique
524 2366 641 2434 primum
663 2377 760 2415 census

28 2429 209 2484 riestactus.

28 2496 112 2549 lxm.
124 2499 243 2554 Eosdem
256 2503 382 2554 consules
389 2504 545 2573 insequenti
552 2517 622 2554 anno
629 2499 758 2561 reiectos,

28 2582 58 2617 m
80 2568 210 2632 tertium,
228 2570 386 2638 virginium
406 2575 522 2635 iterum,
543 2570 615 2638 apud
633 2569 758 2621 Macrum

28 2638 99 2690 nium
110 2638 230 2693 iuvcnio.
266 2640 394 2696 Valerius
407 2644 503 2698 Antias
515 2647 544 2694 et
554 2643 589 2705 Q.
597 2637 773 2692 'lulumob'lx

824 2746 846 2879 l
