1860 2978
10 39 28 125 Γ
112 108 251 162 maru.
271 106 450 162 craece.
471 74 791 178 [ocensem]
827 109 879 164 295

10 216 12 261 ἶ
67 225 113 266 tas
130 215 252 275 iuraret,
275 229 334 264 rem
350 212 516 265 familiarem
534 213 634 265 saltem
652 215 829 280 acquiescere
842 231 876 267 eo

67 291 208 349 tempore,
230 298 283 348 quo
299 298 398 348 corpus
415 284 555 333 addictum
568 289 651 349 atque
663 290 809 350 operatum
824 285 877 336 rci-

67 355 196 420 publicae
209 359 294 416 cssot;
314 360 385 414 tum,
408 353 480 419 qued
494 353 567 403 ultro
584 355 638 404 sibi
657 355 783 404 oblatum
796 362 876 417 esset,

10 422 12 426 ’
67 439 123 474 non
134 439 151 472 a
162 423 282 473 tribunis
295 423 384 488 plebis
396 439 516 488 unquam
529 423 673 489 agitatum,
686 441 740 474 non
751 426 809 474 suis
821 440 876 476 ser·

67 493 197 543 monibus
209 491 410 558 efflagitatum,
432 492 462 541 id
483 492 620 544 cllicicbat
641 493 789 559 multiplex
810 510 876 562 gau-

69 562 148 613 dium
160 562 425 628 cumulatioremque
436 563 557 629 gratiam
571 563 621 613 rei.
645 563 764 613 Tribuni
776 562 876 630 plebis,

69 630 224 683 communis
241 631 368 681 ordinum
384 631 512 683 laetitiae
528 631 749 693 concordiaeque
765 634 820 686 soli
832 649 877 685 ex·

67 706 172 770 portes,
184 716 294 768 negare,
309 699 376 751 Tam
387 701 417 751 id
426 704 526 752 laetum
537 702 670 755 Patribus
678 701 818 766 universis,
830 719 877 755 nec

65 772 306 842 prosperumforc‚
319 785 398 835 quum
409 770 463 838 ipsi
473 772 626 824 crederent:
639 772 778 825 consilium
791 772 877 841 specie

63 841 158 912 prima
172 840 265 892 melius
280 839 385 912 juisse,
406 857 486 908 quam
498 858 548 893 usu
560 841 763 910 appariturum.
803 843 877 894 Unde

67 911 138 965 enim
150 926 208 962 cam
219 909 473 979 pecuniamconfics‘
483 927 575 978 posse,
595 911 650 963 uisi
661 912 765 964 tributo
777 915 877 981 popula

65 980 188 1034 indicto?
213 980 261 1033 Ex
280 980 368 1031 alieno
388 978 478 1049 igitur
497 981 560 1032 aliis
582 981 712 1049 largitus.-
732 997 829 1048 neque,
848 981 879 1033 ia

67 1048 178 1104 etiamsi
189 1049 273 1102 ceteri
278 1049 389 1122 ferunt,
405 1065 535 1117 passuros
548 1066 600 1111 eos,
612 1051 706 1118 quidm
717 1050 773 1101 iura
783 1052 877 1104 emeri-

67 1130 97 1174 ta
108 1120 244 1189 stipendia
256 1128 355 1181 essent,
375 1120 484 1170 arctiore
501 1119 651 1172 conditione
670 1120 737 1171 alios
748 1120 875 1183 saltitare,

66 1207 149 1257 quam
163 1189 216 1257 ipsi
226 1188 407 1249 militassent;
427 1197 454 1240 et
466 1190 567 1240 eosdem
581 1189 610 1242 in
621 1206 670 1239 seeo
680 1189 813 1256 stipendia
828 1190 876 1241 im·

63 1256 280 1333 pensasscce’sse,
290 1266 316 1311 et
326 1258 355 1311 ia
365 1258 480 1311 aliorum
486 1259 593 1330 facere.
630 1259 683 1309 llis
693 1259 809 1310 uocibus
820 1274 877 1311 mo·

66 1335 168 1382 rerunt
179 1335 287 1397 partem
301 1329 400 1395 plebis.
436 1327 594 1391 Postremo,
606 1328 711 1380 indicto
723 1329 780 1379 iam
791 1329 877 1380 tribu·

66 1407 108 1462 to,
120 1398 266 1451 edixerunt
275 1400 360 1451 etiam
372 1398 486 1462 tribuni,
498 1398 604 1451 auxilie
615 1415 645 1451 sc
656 1400 773 1461 futuros,
784 1399 875 1466 siquis

66 1472 99 1521 in
109 1468 232 1521 militare
244 1469 411 1536 stipendium
422 1470 557 1521 tributum
567 1485 622 1522 non
633 1470 807 1523 contulisset.
826 1469 877 1521 Pa·

66 1546 127 1593 tres
137 1540 208 1592 benc
220 1546 345 1606 coeptam
355 1555 414 1592 rem
426 1546 638 1607 perseveranter
649 1542 735 1593 tueri:
749 1538 875 1591 conferre

67 1610 123 1677 ipsi
133 1609 228 1676 primi:
240 1615 278 1672 ct,
291 1610 486 1677 quianondum
496 1616 642 1679 argentum
652 1612 794 1679 signatum
805 1615 877 1673 erat,

69 1695 119 1731 aes
140 1694 224 1746 grave
244 1678 376 1747 plaustris
393 1680 505 1748 quidam
520 1680 555 1732 ad
571 1682 711 1743 aerarium
724 1678 877 1735 convehen-

66 1758 121 1811 tes,
144 1749 299 1815 spceiosam
309 1750 393 1801 etiam
405 1750 584 1801 collationem
596 1749 747 1802 faciebant.
784 1749 875 1811 Quum

67 1824 183 1871 senatus
198 1834 306 1871 summa
322 1818 376 1870 tide
392 1833 426 1869 cx
443 1834 527 1870 censu
542 1819 720 1881 contulisset,
739 1819 876 1886 primores

66 1888 170 1957 plebis,
191 1889 325 1941 nobilium
340 1888 433 1948 amici,
456 1902 491 1939 ex
501 1888 658 1953 composito
671 1886 798 1939 conferre
808 1888 877 1938 inci·

68 1958 160 2026 piunt.
187 1958 264 2021 Quos
274 1973 357 2025 quum
369 1963 397 2008 et
408 1972 424 2006 a
435 1955 565 2007 Patribus
577 1956 742 2017 collaudari,
760 1961 788 2008 et
800 1971 817 2006 u
828 1957 878 2006 mi·

67 2028 149 2080 litari
159 2032 252 2080 aetate
258 2035 389 2093 tanquam
402 2026 490 2078 bonos
501 2026 574 2078 circs
582 2026 705 2093 conspici
715 2025 818 2091 vulgus
828 2024 878 2077 ho·

69 2096 174 2149 minum
185 2098 266 2161 vidit,
282 2100 404 2162 repente,
420 2101 515 2164 spreto
526 2095 677 2148 tribunicio
688 2096 806 2158 auxilio,
819 2110 877 2147 cer·

67 2172 164 2221 mmcu
175 2166 335 2220 conferendi
345 2171 387 2218 cst
399 2172 499 2219 ertum.
535 2166 582 2235 Et,
597 2167 659 2235 lege
673 2166 783 2235 perlata
793 2166 827 2219 dc
837 2166 877 2217 in·

67 2236 188 2289 dicende
199 2236 363 2289 Veientibus
373 2236 458 2299 bello,
475 2236 628 2289 exercitum
637 2252 739 2307 magna
750 2253 784 2290 cx
796 2241 877 2304 parte

67 2306 260 2358 voluntarium
274 2306 340 2359 neri
355 2306 461 2358 tribuni
470 2306 592 2360 militum
603 2307 744 2361 consulari
754 2312 876 2376 potesta-

66 2381 98 2427 tc
108 2374 196 2427 Veios
207 2377 319 2430 duxere.

120 2442 195 2497 LXl.
213 2446 303 2500 Fuere
319 2452 411 2498 autem
422 2445 525 2499 tribuni
539 2448 571 2498 T.
583 2447 731 2509 Quinctius
744 2443 876 2510 Capitoli-

67 2530 130 2576 nus,
143 2513 176 2575 Q.
184 2514 328 2576 Quinctius
339 2516 527 2579 Cincinnatus,
540 2518 569 2569 C.
578 2516 665 2568 lulius
675 2515 750 2566 lulus
762 2516 874 2577 iterum,

67 2587 101 2639 Α.
112 2584 245 2648 lilanlius,
257 2586 290 2636 L.
300 2586 400 2639 Furius
409 2586 580 2639 Medullinus
592 2588 714 2647 tertium,
726 2583 773 2635 Μ’.
784 2584 875 2636 demi-

68 2656 127 2709 lius
142 2655 339 2710 Mamercinus.
375 2658 415 2709 Ab
431 2656 473 2709 his
489 2656 608 2725 primum
626 2652 885 2706 circumsessiVe'x'x

70 2729 143 2778 sunt.
180 2725 236 2781 Sub
254 2727 333 2780 cuius
351 2727 468 2781 initium
489 2726 649 2781 obsidionis
661 2723 902 2789 quummaxim-
