1860 2978
130 149 176 201 us
272 149 305 199 Τ.
325 144 433 199 mvn
455 140 778 212 [monteacuto]

125 224 674 245 -.......-.----—-

126 255 225 305 lierum
237 267 350 318 egissem
370 252 398 300 iu
410 251 506 315 priseo,
523 255 552 299 ut
563 248 610 314 qui
620 263 671 299 nec
680 247 793 314 publicu
803 249 922 301 maiests

126 329 154 375 te
165 325 194 374 in
205 322 320 388 legatis,
341 319 430 371 necin
441 317 633 371 sacerdotibus
649 323 729 368 touta
739 316 831 369 offusa
842 320 917 371 oculi

128 394 274 457 animoque
296 389 432 456 religione
448 395 540 439 motus
555 394 641 454 esset,
660 388 749 437 multo
761 387 916 441 obstinatio

127 462 259 513 adversus
269 459 398 510 lacrimas
409 458 558 529 muliebres
569 463 638 510 erat.
667 456 842 508 Deinfamili
877 459 883 470 '

128 530 248 598 quidam,
269 529 317 597 qui
326 529 464 597 insignem
473 528 618 580 maestitia
628 527 703 577 inter
713 533 821 579 ceteras
830 542 920 597 aeguo

127 606 207 650 verat
224 597 378 661 Veturiam,
398 599 473 650 inter
494 612 592 649 nurum
610 602 780 663 nepotesque
799 603 921 651 stantem

127 667 188 721 Nisi
199 685 239 719 me
249 668 440 750 frustrantur,
455 667 556 735 inquit,
572 666 652 730 oculi,
663 666 922 723 materts'ts'euns'ux

128 755 177 806 qne
193 748 220 789 et
235 736 315 791 liberi
333 739 440 791 adsunt.
475 736 655 799 Coriolanus,
676 750 763 804 prope
777 746 810 787 ut
826 752 921 789 amens

129 813 321 859 consternatus
332 808 366 859 ab
377 806 443 860 sede
453 822 517 871 sue,
538 822 621 874 quum
636 806 725 859 ferret
735 806 821 857 metri
830 806 928 858 obvie

129 877 313 942 complexum,
324 877 424 929 mulier
434 878 463 929 in
474 877 543 927 irem
556 890 591 929 ex
600 877 729 945 precibus
738 888 833 939 versa,
855 874 920 928 Sine

124 946 284 1015 prinsquam
294 950 459 1014 complexam
469 946 587 1013 accipie,
608 947 701 1008 seiam,
722 946 821 1013 inquit,
841 947 878 997 ert
895 969 915 988 ω

129 1026 204 1079 stem,
214 1033 249 1071 an
258 1018 296 1069 ad
324 1015 533 1079 tiurr,reners'rn.·
545 1016 653 1083 captiva
662 1024 784 1068 materne
793 1015 823 1068 in
833 1025 892 1067 east
913 1015 919 1029 ’

129 1086 261 1138 teissim?
303 1104 321 1139 n
332 1086 382 1139 boe
391 1102 432 1139 err
446 1089 527 1155 lenge
538 1085 596 1138 rite
605 1095 634 1137 et
646 1084 748 1157 infelix
756 1094 863 1137 resecta
874 1094 920 1138 trs

128 1155 180 1218 xit,
192 1166 225 1208 ut
235 1158 353 1209 exsulem
365 1166 406 1220 te,
425 1155 519 1208 deinde
528 1154 630 1207 bostem
639 1154 773 1205 riderem?
806 1153 919 1208 Potuist

127 1224 254 1294 populari
273 1224 343 1278 bene
363 1235 480 1289 terrers,
498 1241 567 1291 quae
588 1232 614 1276 te
631 1222 729 1291 genuit
747 1231 829 1289 etque
842 1226 930 1277 aluit

130 1295 189 1347 Non
200 1293 260 1357 tibi,
274 1295 395 1361 quesnois
404 1295 506 1364 infesto
516 1292 607 1344 animo
618 1302 645 1343 et
655 1291 924 1359 minaeipsrssrserss

128 1362 294 1431 ingredienti
304 1362 378 1431 fines
387 1363 432 1414 ira
442 1361 557 1415 cecidit?
574 1378 636 1423 nen,
651 1376 732 1428 quest
745 1361 776 1413 in
789 1376 901 1431 eonspee

131 1432 215 1482 Horren
225 1430 297 1502 fuit,
312 1431 462 1482 succurrit.-
482 1430 559 1481 intrs
568 1430 619 1482 itta
629 1428 735 1482 moenie
745 1431 836 1483 domus
845 1448 908 1501 asp

129 1510 206 1553 nater
218 1499 344 1561 preirent,
351 1510 449 1563 errater,
461 1499 568 1561 coniux,
580 1499 811 1569 literiqnetErge
820 1518 869 1571 ega
879 1502 921 1555 ns's

124 1568 299 1638 peperissem,
318 1567 404 1621 Roma
415 1586 468 1622 non
479 1578 702 1637 oppugnantem
721 1569 775 1622 niss'
784 1570 877 1639 fitium
887 1571 922 1624 hu

129 1641 225 1700 berem,
237 1638 323 1691 libera
332 1638 363 1691 in
372 1638 457 1691 libera
465 1639 563 1706 patria
573 1649 682 1690 mortua
690 1654 782 1692 essem.
819 1640 873 1693 Seri
882 1660 926 1713 eg

128 1708 197 1761 nibil
214 1708 271 1759 iem
285 1709 362 1775 pati,
381 1726 429 1761 nec
445 1708 496 1760 tibi
510 1708 615 1775 turpius
627 1724 709 1775 quern
718 1709 785 1760 niti
799 1711 927 1771 miserius,

127 1794 248 1845 possum.-
268 1794 325 1840 nee,
336 1778 426 1830 utsirn
437 1778 597 1839 miserrima,
616 1778 662 1829 din
671 1779 852 1848 suturarum.
890 1778 924 1833 Dr

129 1849 170 1900 tris
181 1847 293 1899 videris:
312 1865 386 1915 quos,
402 1846 538 1916 tipergr'r,
558 1855 608 1897 snt
621 1845 770 1899 immature
780 1864 865 1913 mors,
883 1866 920 1903 atr

129 1921 211 1986 longa
222 1917 337 1971 servitus
349 1927 448 1971 araret.
466 1917 542 1969 Uxor
553 1915 651 1968 deinde
662 1931 694 1966 ae
706 1915 787 1968 liberi
797 1918 916 1985 amplexi

130 1988 264 2054 fletusque
275 1989 309 2041 ab
322 1989 396 2040 omni
408 1987 489 2039 turba
499 1986 645 2037 mulierum
661 1992 753 2047 ortus,
775 1993 802 2038 et
813 1990 911 2054 compl«

131 2058 202 2108 ratio
215 2059 258 2108 sui
268 2060 446 2126 patriaeque,
465 2056 575 2123 fregere
590 2055 703 2106 tandem
719 2056 814 2107 sirum.
854 2060 907 2109 cor

131 2128 228 2191 plexus
244 2128 308 2178 imle
323 2143 388 2179 suos
405 2126 529 2178 dimittit:
551 2127 610 2192 ipse
625 2131 701 2177 retro
712 2125 747 2177 ab
762 2127 830 2179 urbe
841 2135 901 2179 cast

130 2195 226 2244 morit.
249 2195 383 2247 Abductis
396 2196 493 2247 deinde
504 2196 660 2262 legionibus
671 2212 705 2248 ex
717 2211 785 2262 agro
797 2197 898 2249 Romae

130 2261 235 2313 invidia
246 2265 286 2313 rei
300 2280 460 2329 (supressum
471 2265 585 2331 periisse
596 2265 723 2331 tradunt3
738 2266 786 2318 alii
797 2267 853 2317 alio
864 2267 894 2319 ie‘

130 2330 210 2398 Apud
219 2331 345 2393 Fabium,
356 2334 439 2400 longe
452 2335 672 2400 antiquissimum
683 2342 834 2398 auctorem,
846 2352 890 2387 us<

130 2403 167 2453 ad
178 2408 347 2454 senectutem
358 2403 461 2455 vixisse
473 2404 589 2455 eundem
600 2405 721 2458 invenio.
739 2406 836 2457 Refert
847 2422 885 2459 cer

130 2470 201 2522 bane
221 2488 304 2539 saepe
328 2489 389 2525 eum
414 2479 513 2525 exacto
536 2480 631 2526 aetate
657 2491 805 2543 usurpasse
827 2492 879 2526 voc

131 2540 221 2595 Multo
242 2543 365 2595 miserius
384 2542 440 2597 seni
457 2543 580 2596 exsilium
595 2561 657 2596 esse.
693 2546 757 2597 Non
776 2546 877 2597 inrides

131 2608 230 2662 laudes
243 2629 309 2667 suas
325 2613 485 2666 mulieribus
500 2613 554 2664 viri
569 2615 700 2665 Romani:
722 2614 793 2667 adeo
812 2616 871 2666 sine

42 2732 45 2739 ,
131 2682 297 2737 uectatione
315 2685 424 2753 gloriae
441 2684 547 2739 alienae
561 2684 714 2737 vivebatur.
751 2685 866 2736 Menum
