1860 2978
160 39 232 53 w...
248 39 304 53 ...η
324 39 367 69 ι...
381 39 407 51 υ.
420 39 476 69 ‘1¹⁹'
544 39 569 48 ..
586 39 650 64 ,Ἥ
687 38 736 47 ...

27 98 101 153 haud
110 99 221 167 gravati
228 99 379 162 venissent,
389 97 544 149 introducti
553 94 736 149 sconsulibus

29 175 105 222 atum
118 171 160 221 ita
172 169 375 234 responderunt
385 168 420 219 ad
430 169 618 234 interrogata,
638 172 671 216 ut
679 181 737 218 ma-

27 241 118 306 speeti,
129 253 211 306 quam
222 243 369 300 venerant,
380 237 598 289 dimitterentur.
626 236 736 288 Bellum

28 309 82 360 aud
94 309 207 359 dubium
220 306 326 359 haberi.
364 306 409 374 Sp.
421 308 531 370 Furius,
542 307 684 358 consulum
697 306 736 356 al·

27 380 53 429 ui
64 394 98 429 ea
109 378 251 444 provincia
263 384 406 439 evenerat,
428 377 569 443 profectus
580 377 608 425 in
619 378 736 441 Aequos,

27 464 115 499 :orum
132 448 160 497 in
174 463 241 514 agro
253 448 476 513 populabundum
494 447 601 498 hostem
618 446 736 507 invenit3

27 516 733 654 itsstiffltiiiss'ti’sssssstitsstffli‘stssssst

136 623 144 649 ‚
727 613 735 624 .

27 657 161 709 zommisit.
196 657 289 707 Primo
301 672 436 710 concursu
450 658 545 724 pulsus
555 671 586 709 se
599 656 630 706 iu
646 660 738 706 eastra

29 733 54 779 ts
65 742 153 794 aeque
164 727 190 777 is
200 726 263 777 finis
275 729 392 794 periculi
403 727 465 779 fuit.
500 727 627 794 Namque
638 730 666 778 et
675 738 739 792 pro·

28 803 109 847 noete
124 802 153 847 et
168 802 281 863 postero
302 797 347 851 die
361 803 443 849 tanta
456 799 486 847 ri
502 805 596 848 eastra
611 801 675 847 sunt
686 795 740 846 cir·

29 882 76 917 ssa
87 871 170 932 atque
182 872 350 932 oppugnata,
365 874 441 918 utne
452 868 564 917 nuntius
575 865 688 933 quidem
697 864 739 914 in·

28 936 182 987 ttiRomam
194 941 300 1002 posset.
320 936 446 998 Hernici,
455 942 485 987 et
494 935 567 986 male
580 940 740 1001 pugnatum,

28 1005 125 1058 usulem
145 1006 356 1071 exercitumque
376 1004 513 1066 obsiden',
531 1004 740 1055 nuntiaverunt:

28 1091 97 1143 nque
107 1082 244 1127 terrorem
254 1072 540 1135 incusserePatribus‚
548 1079 581 1124 ut
591 1077 675 1140 (quae
683 1071 739 1123 for·

28 1146 228 1197 natusconsulti
247 1146 365 1198 ultimae
376 1160 486 1212 semper
501 1143 677 1196 necessitatis
693 1140 740 1194 ira-

28 1220 61 1277 st)
82 1215 227 1267 Postumio
242 1216 327 1265 alteri
342 1216 485 1267 consulum
499 1213 644 1282 negotium
663 1213 741 1265 ciare-

28 1283 131 1348 'iderea
151 1303 184 1338 oe
200 1285 266 1350 pisid
284 1283 609 1352 respublica-detrimenti
623 1292 740 1352 caperet.

50 1355 192 1408 consulem
211 1355 317 1407 Romae
337 1369 448 1407 manere
468 1355 503 1406 ad
526 1353 741 1406 conscribendos

28 1442 41 1489 ι,
62 1425 108 1492 qui
120 1439 197 1476 arma
208 1424 282 1476 ferre
293 1432 415 1492 possent,
436 1426 573 1493 optimum
581 1427 672 1476 visum
684 1428 740 1476 ost:

28 1494 115 1547 tusuie
126 1496 160 1547 Τ.
172 1495 331 1559 Quinctium
350 1495 474 1548 subsidio
497 1494 596 1546 eastris
618 1508 680 1544 eum
699 1506 743 1544 so·

30 1564 138 1617 xercitu
149 1564 232 1616 mitti.
251 1565 292 1616 Ad
304 1581 366 1617 eum
378 1564 544 1632 explendum
555 1562 661 1625 Latini,
672 1562 740 1613 Her·

28 1650 59 1697 ιο,
80 1641 109 1687 et
120 1635 232 1687 colonia
242 1636 354 1687 Antium
367 1634 435 1688 dare
447 1633 579 1698 Quinctio
591 1632 743 1685 subitarios

28 1720 43 1756 s
57 1703 109 1767 (ita
117 1709 175 1755 tum
188 1707 334 1771 repentina
345 1705 452 1756 auxilia
462 1703 653 1771 appellabant)
664 1700 741 1751 iussi.

44 1774 130 1825 Multi
149 1789 199 1841 per
214 1790 262 1827 eos
282 1775 341 1826 dies
360 1780 453 1825 motus
473 1772 608 1838 multique
623 1771 751 1837 impetus,

28 1848 98 1911 ‚tque
108 1843 188 1895 illiue
199 1840 282 1907 facti,
303 1844 377 1910 quia,
396 1846 544 1909 superante
554 1836 746 1909 multitpdinq

28 1929 34 1965 ι
55 1929 168 1981 carpere
188 1912 374 1966 multifariam
388 1913 462 1965 vires
478 1911 626 1973 Romanas,
644 1912 746 1960 utnon

28 1989 104 2035 toras
116 1983 151 2035 ad
168 1984 270 2046 omnia,
293 1983 421 2051 aggressi
434 1987 506 2035 mint.
544 1980 632 2034 Simul
651 1982 747 2033 eastra

28 2054 180 2118 nubantur,
190 2055 274 2105 simul
284 2070 350 2120 pars
360 2055 499 2105 exercitus
509 2052 545 2103 ad
554 2048 745 2120 populandum

28 2140 37 2175 ι
48 2124 203 2176 Romanum
215 2126 309 2187 missa,
320 2124 471 2189 urbemque
482 2123 580 2189 ipsam,
589 2122 614 2174 si
626 2136 680 2190 qua
688 2118 746 2171 ior·

28 2194 111 2259 taret,
130 2193 299 2246 tentandam.
335 2191 369 2244 L.
383 2191 510 2245 Valerius
525 2192 561 2244 ad
574 2190 744 2260 praesidium

32 2265 161 2317 relictus:
182 2264 280 2315 consul
291 2261 452 2313 Postumius
463 2261 500 2314 ad
514 2262 649 2315 arcendas
659 2269 747 2325 popu·

29 2350 59 2387 es
70 2334 166 2385 finium
177 2333 286 2384 missus.
304 2331 384 2383 Nihil
392 2332 539 2384 remissum
550 2332 585 2382 ab
596 2327 655 2379 ulla
666 2330 748 2393 parts

36 2402 209 2456 autlaboris.
244 2401 368 2468 Vigiliae
382 2402 412 2452 in
428 2402 510 2461 urb'e,
530 2399 666 2451 stationes
682 2398 748 2446 anta

29 2490 46 2537 s,
61 2471 256 2541 praesidiaque
266 2473 297 2521 in
307 2471 394 2522 muris
405 2470 550 2535 disposita,
565 2472 603 2530 st,
619 2462 694 2532 quod
701 2478 751 2514 na·

34 2549 97 2599 arat
118 2544 146 2594 in
164 2546 242 2592 tanto
263 2541 401 2603 tumultu,
419 2537 568 2591 iustitium
579 2550 636 2606 pan
651 2533 775 2597 aimus&
