1860 2978
10 39 29 155 V
118 108 456 164 clenentiam.
476 108 795 181 [v.c.197.n.c.555.]
829 110 866 167 53

56 216 163 286 pendia
172 217 310 271 facerent:
328 217 426 270 datum
436 234 543 281 munus,
553 223 585 271 ut
596 217 740 272 machinas
751 221 866 273 inbelle

10 328 12 333 .
56 289 174 341 ferrent.
193 286 321 340 Secunda
332 288 430 340 classis
440 289 514 340 intra
525 293 634 341 contum
644 289 778 356 usquead
791 291 867 358 quin·

57 373 109 425 que
125 364 157 410 et
173 359 354 425 septuaginta
369 358 489 410 millium
501 374 612 410 censum
626 360 770 424 instituta3
792 367 868 412 etex

55 425 114 491 bis,
141 428 303 480 senioribus
322 429 545 496 iunioribusque,
569 429 672 495 viginti
693 431 867 497 conscriptae

56 497 216 551 centuriae:
237 513 317 550 arma
335 499 488 566 imperata,
509 504 618 551 scutum
638 514 689 566 pro
711 499 815 566 clipeo,
838 508 867 552 et

10 558 15 611 i
56 572 171 635 praeter
189 566 310 621 loricam
331 569 425 620 omnia
441 569 547 621 eadem.
584 570 701 621 Tertiae
716 570 815 621 classis
836 570 867 622 in

10 620 16 695 ἱ
56 636 264 704 quinquaginta
274 637 395 690 millium
405 654 515 690 censum
527 653 588 690 csse
598 639 697 691 voluit.
733 639 867 691 Totidem

13 718 17 737 '-
56 706 201 761 centuriae
211 713 241 759 et
251 706 315 771 bae,
336 708 487 777 eodemque
498 708 659 760 discrimine
669 708 811 772 aetatium,
825 707 868 760 ia·

56 786 131 829 ctaer
151 792 207 827 nec
221 776 256 829 de
271 777 355 829 armis
367 779 511 846 quicquam
523 783 674 842 mutatum
695 793 795 830 ocreae
805 784 867 830 tan·

57 853 117 897 tum
131 844 291 913 ademptae.
325 847 357 899 ln
375 855 474 914 quarta
489 849 579 900 classe
595 863 693 900 census
709 849 828 917 quinque
838 858 868 900 et

57 916 161 983 viginti
170 916 306 981 millium3
319 918 440 970 totidem
450 919 590 970 centuriae
601 917 706 971 factae:
721 933 799 970 arma
808 934 869 969 mu·

58 992 135 1050 teta3
144 982 218 1037 nibil
228 992 340 1052 praeter
349 985 459 1039 hastam
470 993 498 1039 et
503 993 631 1040 verutum
642 988 745 1039 datum.
763 988 869 1049 Quinta

59 1054 160 1108 classis
171 1061 262 1118 aucte,
282 1058 425 1108 centuriae
433 1057 552 1123 triginta
562 1056 668 1108 factae:
689 1056 790 1108 fundas
799 1052 877 1122 lapi-⁰

61 1126 168 1193 desque
182 1125 303 1177 missiles
317 1124 348 1177 hi
362 1142 457 1179 secum
473 1126 615 1193 gerebant.
650 1126 682 1176 ln
692 1124 737 1176 his
749 1126 867 1188 accensi,

59 1194 226 1257 cornicines,
245 1194 443 1262 tubicinesque,
458 1196 487 1246 in
496 1201 554 1247 tres
566 1195 705 1247 centurias
717 1194 867 1246 distributi.

58 1264 197 1317 Undecim
206 1264 330 1317 millibus
340 1262 410 1317 haec
422 1265 520 1316 classis
534 1266 708 1317 censebatur.
742 1264 808 1315 Hoc
817 1265 869 1316 mi·

59 1350 113 1387 nor
124 1349 223 1387 census
236 1334 374 1402 reliquam
388 1334 594 1388 multitudinem
610 1333 719 1386 habuit:
738 1334 804 1386 iude
813 1351 869 1386 una

60 1404 190 1457 centuria
210 1402 288 1457 facta
307 1409 364 1466 est,
384 1405 513 1456 immunis
532 1405 644 1457 militia.
679 1405 725 1456 Ita
743 1404 870 1471 pedestri

60 1474 191 1527 exercitu
201 1480 300 1527 ornato
318 1474 537 1543 distributoque,
558 1476 681 1543 equitum
696 1475 870 1596 exgrimori-

60 1543 114 1596 bus
129 1543 257 1596 civitatis
271 1544 417 1597 duodecim
429 1546 541 1611 scripsit
551 1545 697 1597 centurias.
755 1559 790 1596 ex
800 1545 872 1596 item

61 1614 136 1667 elios
148 1614 298 1678 centurias,
318 1615 408 1667 tribus
419 1617 453 1668 ab
464 1615 583 1666 Romulo
594 1602 742 1676 institutis,
760 1614 812 1665 sub
822 1615 872 1664 iis-

62 1684 137 1746 dem,
147 1684 248 1751 quibuo
257 1684 440 1753 inauguratae
450 1690 537 1746 erant,
551 1684 707 1735 nominibus
717 1682 793 1735 iecit.
828 1682 872 1734 Ad

64 1768 152 1821 equos
163 1754 294 1806 emendos
306 1754 377 1806 dena
385 1754 475 1805 millia
485 1754 558 1805 aeris
568 1769 602 1805 ex
613 1754 725 1820 publico
738 1752 818 1816 data3
834 1761 871 1812 et,

63 1823 166 1891 quibus
176 1838 264 1890 equos
278 1823 398 1886 alerent,
418 1823 520 1875 viduae
535 1823 702 1885 attributae,
722 1837 794 1888 quae
804 1822 872 1872 bina

62 1892 282 1946 milliancriein
292 1892 674 1960 annossingulospenderent.
691 1892 873 1942 Haeconmia

62 1963 95 2015 in
113 1960 186 2014 dites
205 1977 224 2013 a
238 1963 406 2030 pauperibus
423 1961 559 2012 inclinata
576 1974 669 2011 onera.
705 1958 814 2009 Deinde
829 1967 873 2010 est

64 2031 155 2085 bonos
165 2031 291 2083 additus:
306 2048 362 2085 non
373 2031 454 2092 enim,
465 2036 497 2080 ut
507 2031 542 2082 ab
552 2029 673 2081 Romulo
684 2027 818 2080 maditum
830 2045 872 2081 ce-

62 2101 122 2155 teri
135 2107 316 2154 servaverant
326 2116 419 2170 reges,
437 2100 543 2152 viritim
553 2099 719 2167 suffragium
735 2098 832 2152 eadem
846 2099 873 2151 vi

63 2170 221 2239 eodemque
240 2172 301 2224 iure
316 2172 472 2239 promiscue
490 2170 616 2222 omnibus
633 2170 728 2223 datum
745 2175 800 2222 est:
822 2170 873 2221 sed

64 2241 172 2310 gradus
181 2239 265 2305 fecti,
285 2248 318 2293 ut
331 2256 420 2308 neque
435 2240 566 2293 exclusus
580 2240 725 2309 quisquam
734 2240 871 2307 suffragio

63 2310 219 2375 videretur,
228 2317 257 2364 et
266 2312 310 2364 vis
319 2313 408 2364 omnis
418 2326 501 2378 penes
510 2311 647 2377 primores
658 2311 778 2363 civitatis
789 2315 871 2362 esset.

63 2380 185 2450 Equites
199 2383 273 2435 enim
290 2383 461 2434 vocabantur
475 2380 570 2448 primi;
589 2381 734 2449 octoginta
744 2379 808 2430 inde
818 2378 873 2442 pri·

61 2466 128 2504 mee
140 2452 239 2505 classis
248 2453 402 2504 centuriae:
423 2452 463 2502 ibi
478 2451 503 2501 si
517 2452 652 2512 variaret,
671 2448 745 2514 quod
754 2462 819 2496 raro
831 2447 873 2495 in·

62 2520 190 2584 cidebat,
210 2528 243 2574 ut
262 2522 399 2574 secundae
421 2521 520 2572 classis
540 2526 720 2573 vocarentur:
742 2530 793 2568 neo
812 2515 872 2567 fere

62 2604 188 2660 unquam
196 2592 274 2644 inira
282 2593 325 2643 ita
337 2590 547 2653 descenderent,
566 2595 598 2639 ut
610 2588 645 2639 ad
655 2585 765 2636 infimos
778 2600 872 2652 perve-

63 2662 166 2719 urent.
201 2663 263 2717 Nec
273 2662 371 2715 mnan
382 2666 501 2731 oportet,
513 2659 585 2712 hunc
597 2656 739 2722 ordinem,
749 2658 888 2725 qurnuuc
