<?xml version="1.0" encoding="UTF-8"?>
<!DOCTYPE html PUBLIC "-//W3C//DTD XHTML 1.0 Transitional//EN"
    "http://www.w3.org/TR/xhtml1/DTD/xhtml1-transitional.dtd">
<html xmlns="http://www.w3.org/1999/xhtml" xml:lang="en" lang="en">
 <head>
  <title>
</title>
<meta http-equiv="Content-Type" content="text/html;charset=utf-8" />
  <meta name='ocr-system' content='tesseract 3.04.00' />
  <meta name='ocr-capabilities' content='ocr_page ocr_carea ocr_par ocr_line ocrx_word'/>
</head>
<body>
  <div class='ocr_page' id='page_1' title='image "./tliviipatavinih03livigoog_0310.png"; bbox 0 0 1860 2978; ppageno 0'>
   <div class='ocr_carea' id='block_1_1' title="bbox 49 39 825 66">
    <p class='ocr_par' dir='ltr' id='par_1_1' title="bbox 49 39 825 66">
     <span class='ocr_line' id='line_1_1' title="bbox 49 39 825 66; baseline -0.006 -14"><span class='ocrx_word' id='word_1_1' title='bbox 49 39 131 53; x_wconf 55' lang='grc' dir='ltr'><strong>ΠΙ...</strong></span> <span class='ocrx_word' id='word_1_2' title='bbox 141 39 155 49; x_wconf 67' lang='grc' dir='ltr'>Ο</span> <span class='ocrx_word' id='word_1_3' title='bbox 167 39 176 51; x_wconf 76' lang='grc' dir='ltr'>Ι</span> <span class='ocrx_word' id='word_1_4' title='bbox 186 39 194 51; x_wconf 73' lang='grc' dir='ltr'>Ι</span> <span class='ocrx_word' id='word_1_5' title='bbox 212 39 284 51; x_wconf 62' lang='lat' dir='ltr'>veto·</span> <span class='ocrx_word' id='word_1_6' title='bbox 294 39 337 51; x_wconf 55' lang='lat' dir='ltr'>CV.</span> <span class='ocrx_word' id='word_1_7' title='bbox 349 39 393 51; x_wconf 63' lang='grc' dir='ltr'>ν..</span> <span class='ocrx_word' id='word_1_8' title='bbox 416 39 460 66; x_wconf 61' lang='grc' dir='ltr'>ιἾΙ</span> <span class='ocrx_word' id='word_1_9' title='bbox 475 39 568 51; x_wconf 61' lang='grc' dir='ltr'>ῚΙῚΔ-’</span> <span class='ocrx_word' id='word_1_10' title='bbox 579 39 613 49; x_wconf 67' lang='grc' dir='ltr'>..ν</span> <span class='ocrx_word' id='word_1_11' title='bbox 629 39 656 49; x_wconf 52' lang='lat'>*¹</span> <span class='ocrx_word' id='word_1_12' title='bbox 673 39 738 65; x_wconf 52' lang='lat' dir='ltr'><strong>..Urs</strong></span> <span class='ocrx_word' id='word_1_13' title='bbox 775 39 825 52; x_wconf 66' lang='grc' dir='ltr'>-νυ</span> 
     </span>
    </p>
   </div>
   <div class='ocr_carea' id='block_1_2' title="bbox 26 92 826 167">
    <p class='ocr_par' dir='ltr' id='par_1_2' title="bbox 26 92 826 167">
     <span class='ocr_line' id='line_1_2' title="bbox 26 92 826 167; baseline 0 -11"><span class='ocrx_word' id='word_1_14' title='bbox 26 105 136 156; x_wconf 72' lang='lat' dir='ltr'>Romam</span> <span class='ocrx_word' id='word_1_15' title='bbox 146 92 316 167; x_wconf 79' lang='lat' dir='ltr'>nuntiatum,</span> <span class='ocrx_word' id='word_1_16' title='bbox 334 104 455 155; x_wconf 84' lang='lat' dir='ltr'>tribunis</span> <span class='ocrx_word' id='word_1_17' title='bbox 464 104 585 155; x_wconf 90' lang='lat' dir='ltr'>militum</span> <span class='ocrx_word' id='word_1_18' title='bbox 596 103 630 156; x_wconf 91' lang='lat' dir='ltr'>de</span> <span class='ocrx_word' id='word_1_19' title='bbox 640 109 731 156; x_wconf 89' lang='lat' dir='ltr'>morte</span> <span class='ocrx_word' id='word_1_20' title='bbox 743 104 826 156; x_wconf 89' lang='lat' dir='ltr'>colle-</span> 
     </span>
    </p>
   </div>
   <div class='ocr_carea' id='block_1_3' title="bbox 26 172 860 2615">
    <p class='ocr_par' dir='ltr' id='par_1_3' title="bbox 26 172 827 799">
     <span class='ocr_line' id='line_1_3' title="bbox 26 172 827 241; baseline 0.001 -16"><span class='ocrx_word' id='word_1_21' title='bbox 26 189 70 241; x_wconf 74' lang='lat' dir='ltr'>gae</span> <span class='ocrx_word' id='word_1_22' title='bbox 80 189 130 240; x_wconf 87' lang='lat' dir='ltr'>per</span> <span class='ocrx_word' id='word_1_23' title='bbox 140 180 267 225; x_wconf 89' lang='lat' dir='ltr'>senatum</span> <span class='ocrx_word' id='word_1_24' title='bbox 279 175 458 240; x_wconf 79' lang='lat' dir='ltr'><strong>quaestiones</strong></span> <span class='ocrx_word' id='word_1_25' title='bbox 473 172 698 235; x_wconf 81' lang='lat' dir='ltr'><strong>decernentibus,</strong></span> <span class='ocrx_word' id='word_1_26' title='bbox 720 174 827 226; x_wconf 89' lang='lat' dir='ltr'>tribuni</span> 
     </span>
     <span class='ocr_line' id='line_1_4' title="bbox 26 243 827 310; baseline 0.002 -16"><span class='ocrx_word' id='word_1_27' title='bbox 26 244 109 310; x_wconf 61' lang='lat' dir='ltr'>plebis</span> <span class='ocrx_word' id='word_1_28' title='bbox 118 243 335 296; x_wconf 83' lang='lat' dir='ltr'>intercedebant.</span> <span class='ocrx_word' id='word_1_29' title='bbox 365 243 420 294; x_wconf 86' lang='lat' dir='ltr'>Sed</span> <span class='ocrx_word' id='word_1_30' title='bbox 431 260 464 295; x_wconf 91' lang='lat' dir='ltr'>ca</span> <span class='ocrx_word' id='word_1_31' title='bbox 475 245 616 295; x_wconf 91' lang='lat' dir='ltr'>contentio</span> <span class='ocrx_word' id='word_1_32' title='bbox 629 259 664 296; x_wconf 83' lang='lat' dir='ltr'>cx</span> <span class='ocrx_word' id='word_1_33' title='bbox 676 245 827 296; x_wconf 82' lang='lat' dir='ltr'>certamine</span> 
     </span>
     <span class='ocr_line' id='line_1_5' title="bbox 26 312 826 379; baseline 0 -15"><span class='ocrx_word' id='word_1_34' title='bbox 26 314 77 364; x_wconf 78' lang='lat' dir='ltr'>ilio</span> <span class='ocrx_word' id='word_1_35' title='bbox 90 313 241 379; x_wconf 81' lang='lat' dir='ltr'>pendebat3</span> <span class='ocrx_word' id='word_1_36' title='bbox 261 313 334 379; x_wconf 91' lang='lat' dir='ltr'>quod</span> <span class='ocrx_word' id='word_1_37' title='bbox 345 329 411 364; x_wconf 89' lang='lat' dir='ltr'>cura</span> <span class='ocrx_word' id='word_1_38' title='bbox 420 314 574 364; x_wconf 88' lang='lat' dir='ltr'>incesserat</span> <span class='ocrx_word' id='word_1_39' title='bbox 584 312 690 376; x_wconf 89' lang='lat' dir='ltr'>Patres,</span> <span class='ocrx_word' id='word_1_40' title='bbox 706 320 826 364; x_wconf 85' lang='lat' dir='ltr'>nemete</span> 
     </span>
     <span class='ocr_line' id='line_1_6' title="bbox 27 382 826 450; baseline 0.004 -18"><span class='ocrx_word' id='word_1_41' title='bbox 27 384 215 449; x_wconf 72' lang='lat' dir='ltr'>quaestionum</span> <span class='ocrx_word' id='word_1_42' title='bbox 234 382 312 448; x_wconf 87' lang='lat' dir='ltr'>plebs</span> <span class='ocrx_word' id='word_1_43' title='bbox 324 384 420 450; x_wconf 90' lang='lat' dir='ltr'>iraque</span> <span class='ocrx_word' id='word_1_44' title='bbox 431 385 557 433; x_wconf 89' lang='lat' dir='ltr'>tribunos</span> <span class='ocrx_word' id='word_1_45' title='bbox 569 384 688 433; x_wconf 88' lang='lat' dir='ltr'>militum</span> <span class='ocrx_word' id='word_1_46' title='bbox 701 400 734 434; x_wconf 83' lang='lat' dir='ltr'>ex</span> <span class='ocrx_word' id='word_1_47' title='bbox 744 384 826 449; x_wconf 81' lang='lat' dir='ltr'>plebe</span> 
     </span>
     <span class='ocr_line' id='line_1_7' title="bbox 26 453 826 518; baseline 0.005 -17"><span class='ocrx_word' id='word_1_48' title='bbox 26 458 141 505; x_wconf 69' lang='lat' dir='ltr'>rrearet:</span> <span class='ocrx_word' id='word_1_49' title='bbox 162 453 366 518; x_wconf 81' lang='lat' dir='ltr'>tendebantque</span> <span class='ocrx_word' id='word_1_50' title='bbox 377 469 484 504; x_wconf 91' lang='lat' dir='ltr'>summa</span> <span class='ocrx_word' id='word_1_51' title='bbox 495 469 556 518; x_wconf 90' lang='lat' dir='ltr'>ope,</span> <span class='ocrx_word' id='word_1_52' title='bbox 570 459 602 503; x_wconf 90' lang='lat' dir='ltr'>ut</span> <span class='ocrx_word' id='word_1_53' title='bbox 614 454 739 504; x_wconf 87' lang='lat' dir='ltr'>eonsules</span> <span class='ocrx_word' id='word_1_54' title='bbox 752 470 826 505; x_wconf 86' lang='lat' dir='ltr'>crea-</span> 
     </span>
     <span class='ocr_line' id='line_1_8' title="bbox 26 522 825 589; baseline 0.001 -16"><span class='ocrx_word' id='word_1_55' title='bbox 26 529 124 574; x_wconf 70' lang='lat' dir='ltr'>rentur.</span> <span class='ocrx_word' id='word_1_56' title='bbox 162 522 252 583; x_wconf 73' lang='lat' dir='ltr'>Quum</span> <span class='ocrx_word' id='word_1_57' title='bbox 263 524 534 574; x_wconf 83' lang='lat' dir='ltr'>senatusconsultum</span> <span class='ocrx_word' id='word_1_58' title='bbox 544 524 606 574; x_wconf 86' lang='lat' dir='ltr'>lieri</span> <span class='ocrx_word' id='word_1_59' title='bbox 620 523 724 573; x_wconf 88' lang='lat' dir='ltr'>tribuni</span> <span class='ocrx_word' id='word_1_60' title='bbox 735 522 825 589; x_wconf 89' lang='lat' dir='ltr'>plebis</span> 
     </span>
     <span class='ocr_line' id='line_1_9' title="bbox 26 591 826 659; baseline 0 -16"><span class='ocrx_word' id='word_1_61' title='bbox 26 608 73 644; x_wconf 80' lang='lat' dir='ltr'>ron</span> <span class='ocrx_word' id='word_1_62' title='bbox 85 597 254 659; x_wconf 89' lang='lat' dir='ltr'>paterentur,</span> <span class='ocrx_word' id='word_1_63' title='bbox 264 592 349 643; x_wconf 89' lang='lat' dir='ltr'>iidem</span> <span class='ocrx_word' id='word_1_64' title='bbox 360 593 566 644; x_wconf 84' lang='lat' dir='ltr'>intercederent</span> <span class='ocrx_word' id='word_1_65' title='bbox 576 591 769 643; x_wconf 91' lang='lat' dir='ltr'>consularibus</span> <span class='ocrx_word' id='word_1_66' title='bbox 781 608 826 644; x_wconf 90' lang='lat' dir='ltr'>co·</span> 
     </span>
     <span class='ocr_line' id='line_1_10' title="bbox 26 661 825 729; baseline 0.004 -17"><span class='ocrx_word' id='word_1_67' title='bbox 26 661 120 725; x_wconf 86' lang='lat' dir='ltr'>nitiis,</span> <span class='ocrx_word' id='word_1_68' title='bbox 139 677 186 713; x_wconf 88' lang='lat' dir='ltr'>res</span> <span class='ocrx_word' id='word_1_69' title='bbox 201 662 237 713; x_wconf 89' lang='lat' dir='ltr'>ad</span> <span class='ocrx_word' id='word_1_70' title='bbox 253 663 441 729; x_wconf 83' lang='lat' dir='ltr'>interregnum</span> <span class='ocrx_word' id='word_1_71' title='bbox 456 662 549 715; x_wconf 90' lang='lat' dir='ltr'>rediit.</span> <span class='ocrx_word' id='word_1_72' title='bbox 586 661 714 715; x_wconf 83' lang='lat' dir='ltr'>Victoria</span> <span class='ocrx_word' id='word_1_73' title='bbox 726 662 825 716; x_wconf 90' lang='lat' dir='ltr'>deinde</span> 
     </span>
     <span class='ocr_line' id='line_1_11' title="bbox 26 729 286 799; baseline -0.004 -16"><span class='ocrx_word' id='word_1_74' title='bbox 26 747 104 799; x_wconf 66' lang='lat' dir='ltr'>senes</span> <span class='ocrx_word' id='word_1_75' title='bbox 113 731 212 783; x_wconf 88' lang='lat' dir='ltr'>Patres</span> <span class='ocrx_word' id='word_1_76' title='bbox 224 729 286 782; x_wconf 88' lang='lat' dir='ltr'>fuit.</span> 
     </span>
    </p>

    <p class='ocr_par' dir='ltr' id='par_1_4' title="bbox 26 800 860 2615">
     <span class='ocr_line' id='line_1_12' title="bbox 71 800 826 870; baseline 0 -18"><span class='ocrx_word' id='word_1_77' title='bbox 71 801 118 852; x_wconf 89' lang='lat' dir='ltr'>Ll.</span> <span class='ocrx_word' id='word_1_78' title='bbox 138 801 170 861; x_wconf 75' lang='lat' dir='ltr'>Q.</span> <span class='ocrx_word' id='word_1_79' title='bbox 189 800 277 853; x_wconf 87' lang='lat' dir='ltr'>Fabio</span> <span class='ocrx_word' id='word_1_80' title='bbox 289 800 428 853; x_wconf 89' lang='lat' dir='ltr'>Vibulano</span> <span class='ocrx_word' id='word_1_81' title='bbox 444 803 586 870; x_wconf 83' lang='lat' dir='ltr'>interrege</span> <span class='ocrx_word' id='word_1_82' title='bbox 600 802 714 854; x_wconf 85' lang='lat' dir='ltr'>comitia</span> <span class='ocrx_word' id='word_1_83' title='bbox 724 800 826 855; x_wconf 89' lang='lat' dir='ltr'>haben·</span> 
     </span>
     <span class='ocr_line' id='line_1_13' title="bbox 26 872 826 934; baseline -0.001 -12"><span class='ocrx_word' id='word_1_84' title='bbox 26 887 59 934; x_wconf 79' lang='lat' dir='ltr'>ze,</span> <span class='ocrx_word' id='word_1_85' title='bbox 81 872 209 923; x_wconf 88' lang='lat' dir='ltr'>consules</span> <span class='ocrx_word' id='word_1_86' title='bbox 220 872 308 923; x_wconf 89' lang='lat' dir='ltr'>creati</span> <span class='ocrx_word' id='word_1_87' title='bbox 317 878 382 924; x_wconf 89' lang='lat' dir='ltr'>sunt</span> <span class='ocrx_word' id='word_1_88' title='bbox 391 874 423 924; x_wconf 80' lang='lat' dir='ltr'>n.</span> <span class='ocrx_word' id='word_1_89' title='bbox 436 874 580 925; x_wconf 82' lang='lat' dir='ltr'>Cornelius</span> <span class='ocrx_word' id='word_1_90' title='bbox 593 873 707 934; x_wconf 81' lang='lat' dir='ltr'>Cossus,</span> <span class='ocrx_word' id='word_1_91' title='bbox 728 873 761 923; x_wconf 89' lang='lat' dir='ltr'>L.</span> <span class='ocrx_word' id='word_1_92' title='bbox 772 872 826 924; x_wconf 89' lang='lat' dir='ltr'>Fu·</span> 
     </span>
     <span class='ocr_line' id='line_1_14' title="bbox 26 940 828 1009; baseline 0 -17"><span class='ocrx_word' id='word_1_93' title='bbox 26 942 78 992; x_wconf 69' lang='lat' dir='ltr'>rius</span> <span class='ocrx_word' id='word_1_94' title='bbox 89 940 271 994; x_wconf 88' lang='lat' dir='ltr'>Medullinus.</span> <span class='ocrx_word' id='word_1_95' title='bbox 307 943 361 992; x_wconf 87' lang='lat' dir='ltr'>His</span> <span class='ocrx_word' id='word_1_96' title='bbox 380 943 539 993; x_wconf 89' lang='lat' dir='ltr'>consulibus</span> <span class='ocrx_word' id='word_1_97' title='bbox 549 942 688 1009; x_wconf 89' lang='lat' dir='ltr'>principio</span> <span class='ocrx_word' id='word_1_98' title='bbox 705 941 770 990; x_wconf 91' lang='lat' dir='ltr'>anni</span> <span class='ocrx_word' id='word_1_99' title='bbox 786 957 828 992; x_wconf 87' lang='lat' dir='ltr'>se·</span> 
     </span>
     <span class='ocr_line' id='line_1_15' title="bbox 26 1008 827 1078; baseline -0.004 -16"><span class='ocrx_word' id='word_1_100' title='bbox 26 1012 263 1062; x_wconf 84' lang='lat' dir='ltr'>natusconsultum</span> <span class='ocrx_word' id='word_1_101' title='bbox 274 1009 379 1063; x_wconf 84' lang='lat' dir='ltr'>factum</span> <span class='ocrx_word' id='word_1_102' title='bbox 391 1017 447 1076; x_wconf 89' lang='lat' dir='ltr'>est,</span> <span class='ocrx_word' id='word_1_103' title='bbox 466 1018 497 1063; x_wconf 91' lang='lat' dir='ltr'>ut</span> <span class='ocrx_word' id='word_1_104' title='bbox 509 1012 544 1062; x_wconf 92' lang='lat' dir='ltr'>de</span> <span class='ocrx_word' id='word_1_105' title='bbox 556 1011 718 1078; x_wconf 87' lang='lat' dir='ltr'>quaestione</span> <span class='ocrx_word' id='word_1_106' title='bbox 730 1008 827 1060; x_wconf 88' lang='lat' dir='ltr'>Postu·</span> 
     </span>
     <span class='ocr_line' id='line_1_16' title="bbox 26 1078 826 1150; baseline -0.001 -18"><span class='ocrx_word' id='word_1_107' title='bbox 26 1080 131 1132; x_wconf 90' lang='lat' dir='ltr'>nianae</span> <span class='ocrx_word' id='word_1_108' title='bbox 143 1080 237 1132; x_wconf 90' lang='lat' dir='ltr'>caedis</span> <span class='ocrx_word' id='word_1_109' title='bbox 248 1082 354 1133; x_wconf 90' lang='lat' dir='ltr'>tribuni</span> <span class='ocrx_word' id='word_1_110' title='bbox 363 1084 454 1150; x_wconf 86' lang='lat' dir='ltr'>primo</span> <span class='ocrx_word' id='word_1_111' title='bbox 466 1096 575 1150; x_wconf 90' lang='lat' dir='ltr'>quoque</span> <span class='ocrx_word' id='word_1_112' title='bbox 586 1086 712 1147; x_wconf 89' lang='lat' dir='ltr'>tempore</span> <span class='ocrx_word' id='word_1_113' title='bbox 724 1078 759 1130; x_wconf 90' lang='lat' dir='ltr'>ad</span> <span class='ocrx_word' id='word_1_114' title='bbox 770 1078 826 1146; x_wconf 88' lang='lat' dir='ltr'>ple·</span> 
     </span>
     <span class='ocr_line' id='line_1_17' title="bbox 26 1149 827 1219; baseline -0.004 -17"><span class='ocrx_word' id='word_1_115' title='bbox 26 1156 85 1203; x_wconf 84' lang='lat' dir='ltr'>bem</span> <span class='ocrx_word' id='word_1_116' title='bbox 96 1149 215 1215; x_wconf 81' lang='lat' dir='ltr'>ferrent3</span> <span class='ocrx_word' id='word_1_117' title='bbox 234 1150 383 1219; x_wconf 84' lang='lat' dir='ltr'>plebesque</span> <span class='ocrx_word' id='word_1_118' title='bbox 394 1153 559 1219; x_wconf 81' lang='lat' dir='ltr'>praeficeret</span> <span class='ocrx_word' id='word_1_119' title='bbox 571 1149 734 1219; x_wconf 85' lang='lat' dir='ltr'>quaestioni,</span> <span class='ocrx_word' id='word_1_120' title='bbox 747 1164 827 1216; x_wconf 92' lang='lat' dir='ltr'>quem</span> 
     </span>
     <span class='ocr_line' id='line_1_18' title="bbox 26 1220 829 1291; baseline -0.005 -19"><span class='ocrx_word' id='word_1_121' title='bbox 26 1221 117 1273; x_wconf 85' lang='lat' dir='ltr'>rellet.</span> <span class='ocrx_word' id='word_1_122' title='bbox 152 1220 272 1287; x_wconf 79' lang='lat' dir='ltr'>Aplebe</span> <span class='ocrx_word' id='word_1_123' title='bbox 288 1237 423 1275; x_wconf 89' lang='lat' dir='ltr'>consensu</span> <span class='ocrx_word' id='word_1_124' title='bbox 444 1224 543 1291; x_wconf 88' lang='lat' dir='ltr'>populi</span> <span class='ocrx_word' id='word_1_125' title='bbox 564 1221 724 1273; x_wconf 88' lang='lat' dir='ltr'>consulibus</span> <span class='ocrx_word' id='word_1_126' title='bbox 745 1233 829 1286; x_wconf 83' lang='lat' dir='ltr'>nego·</span> 
     </span>
     <span class='ocr_line' id='line_1_19' title="bbox 26 1288 828 1361; baseline -0.001 -19"><span class='ocrx_word' id='word_1_127' title='bbox 26 1291 93 1342; x_wconf 83' lang='lat' dir='ltr'>tium</span> <span class='ocrx_word' id='word_1_128' title='bbox 103 1288 263 1342; x_wconf 84' lang='lat' dir='ltr'>mandatur:</span> <span class='ocrx_word' id='word_1_129' title='bbox 279 1293 334 1361; x_wconf 88' lang='lat' dir='ltr'>qui,</span> <span class='ocrx_word' id='word_1_130' title='bbox 345 1308 453 1345; x_wconf 86' lang='lat' dir='ltr'>summa</span> <span class='ocrx_word' id='word_1_131' title='bbox 463 1293 657 1346; x_wconf 87' lang='lat' dir='ltr'>moderatione</span> <span class='ocrx_word' id='word_1_132' title='bbox 668 1307 701 1342; x_wconf 89' lang='lat' dir='ltr'>ac</span> <span class='ocrx_word' id='word_1_133' title='bbox 712 1290 828 1343; x_wconf 91' lang='lat' dir='ltr'>lenitate</span> 
     </span>
     <span class='ocr_line' id='line_1_20' title="bbox 26 1362 828 1432; baseline -0.002 -19"><span class='ocrx_word' id='word_1_134' title='bbox 26 1375 238 1428; x_wconf 85' lang='lat' dir='ltr'>perpaucorum</span> <span class='ocrx_word' id='word_1_135' title='bbox 259 1363 440 1430; x_wconf 84' lang='lat' dir='ltr'>supplicium,</span> <span class='ocrx_word' id='word_1_136' title='bbox 462 1380 531 1432; x_wconf 84' lang='lat' dir='ltr'>quos</span> <span class='ocrx_word' id='word_1_137' title='bbox 546 1362 749 1429; x_wconf 89' lang='lat' dir='ltr'>sibimetipsos</span> <span class='ocrx_word' id='word_1_138' title='bbox 765 1375 828 1412; x_wconf 92' lang='lat' dir='ltr'>con-</span> 
     </span>
     <span class='ocr_line' id='line_1_21' title="bbox 26 1431 829 1498; baseline -0.002 -15"><span class='ocrx_word' id='word_1_139' title='bbox 26 1431 108 1483; x_wconf 76' lang='lat' dir='ltr'>scisso</span> <span class='ocrx_word' id='word_1_140' title='bbox 119 1437 236 1482; x_wconf 89' lang='lat' dir='ltr'>mortem</span> <span class='ocrx_word' id='word_1_141' title='bbox 251 1434 322 1484; x_wconf 87' lang='lat' dir='ltr'>satis</span> <span class='ocrx_word' id='word_1_142' title='bbox 336 1435 472 1489; x_wconf 88' lang='lat' dir='ltr'>creditum</span> <span class='ocrx_word' id='word_1_143' title='bbox 485 1441 539 1498; x_wconf 90' lang='lat' dir='ltr'>est,</span> <span class='ocrx_word' id='word_1_144' title='bbox 560 1439 703 1486; x_wconf 88' lang='lat' dir='ltr'>transacta</span> <span class='ocrx_word' id='word_1_145' title='bbox 718 1446 762 1494; x_wconf 88' lang='lat' dir='ltr'>re,</span> <span class='ocrx_word' id='word_1_146' title='bbox 783 1445 829 1482; x_wconf 86' lang='lat' dir='ltr'>ne·</span> 
     </span>
     <span class='ocr_line' id='line_1_22' title="bbox 26 1500 828 1571; baseline 0 -20"><span class='ocrx_word' id='word_1_147' title='bbox 26 1500 135 1569; x_wconf 71' lang='lat' dir='ltr'>quivere</span> <span class='ocrx_word' id='word_1_148' title='bbox 148 1507 242 1554; x_wconf 87' lang='lat' dir='ltr'>tamen</span> <span class='ocrx_word' id='word_1_149' title='bbox 255 1506 397 1571; x_wconf 84' lang='lat' dir='ltr'>consequi,</span> <span class='ocrx_word' id='word_1_150' title='bbox 418 1511 450 1556; x_wconf 91' lang='lat' dir='ltr'>ut</span> <span class='ocrx_word' id='word_1_151' title='bbox 464 1522 518 1557; x_wconf 92' lang='lat' dir='ltr'>non</span> <span class='ocrx_word' id='word_1_152' title='bbox 535 1506 689 1570; x_wconf 84' lang='lat' dir='ltr'>aegerrime</span> <span class='ocrx_word' id='word_1_153' title='bbox 703 1502 733 1552; x_wconf 91' lang='lat' dir='ltr'>id</span> <span class='ocrx_word' id='word_1_154' title='bbox 748 1500 828 1568; x_wconf 88' lang='lat' dir='ltr'>plebs</span> 
     </span>
     <span class='ocr_line' id='line_1_23' title="bbox 26 1569 828 1640; baseline -0.001 -17"><span class='ocrx_word' id='word_1_155' title='bbox 26 1569 117 1623; x_wconf 70' lang='lat' dir='ltr'>ferret.</span> <span class='ocrx_word' id='word_1_156' title='bbox 152 1571 245 1625; x_wconf 82' lang='lat' dir='ltr'>Iacere</span> <span class='ocrx_word' id='word_1_157' title='bbox 266 1583 321 1626; x_wconf 83' lang='lat' dir='ltr'>tam</span> <span class='ocrx_word' id='word_1_158' title='bbox 342 1575 387 1626; x_wconf 84' lang='lat' dir='ltr'>din</span> <span class='ocrx_word' id='word_1_159' title='bbox 407 1575 507 1626; x_wconf 81' lang='lat' dir='ltr'>irritas</span> <span class='ocrx_word' id='word_1_160' title='bbox 527 1574 692 1636; x_wconf 77' lang='lat' dir='ltr'>sanctiones,</span> <span class='ocrx_word' id='word_1_161' title='bbox 713 1587 781 1640; x_wconf 80' lang='lat' dir='ltr'>quae</span> <span class='ocrx_word' id='word_1_162' title='bbox 796 1571 828 1622; x_wconf 84' lang='lat' dir='ltr'>de</span> 
     </span>
     <span class='ocr_line' id='line_1_24' title="bbox 26 1640 828 1717; baseline -0.002 -24"><span class='ocrx_word' id='word_1_163' title='bbox 26 1640 76 1695; x_wconf 70' lang='lat' dir='ltr'>teir</span> <span class='ocrx_word' id='word_1_164' title='bbox 92 1642 234 1693; x_wconf 81' lang='lat' dir='ltr'>commodis</span> <span class='ocrx_word' id='word_1_165' title='bbox 248 1644 410 1717; x_wconf 83' lang='lat' dir='ltr'>ferrentur:</span> <span class='ocrx_word' id='word_1_166' title='bbox 432 1660 513 1712; x_wconf 83' lang='lat' dir='ltr'>quum</span> <span class='ocrx_word' id='word_1_167' title='bbox 526 1643 637 1695; x_wconf 77' lang='lat' dir='ltr'>interim</span> <span class='ocrx_word' id='word_1_168' title='bbox 654 1643 685 1694; x_wconf 83' lang='lat' dir='ltr'>de</span> <span class='ocrx_word' id='word_1_169' title='bbox 695 1640 828 1709; x_wconf 79' lang='lat' dir='ltr'>sangnine</span> 
     </span>
     <span class='ocr_line' id='line_1_25' title="bbox 26 1709 827 1781; baseline -0.007 -17"><span class='ocrx_word' id='word_1_170' title='bbox 26 1720 45 1764; x_wconf 69' lang='lat' dir='ltr'>et</span> <span class='ocrx_word' id='word_1_171' title='bbox 65 1711 196 1779; x_wconf 79' lang='lat' dir='ltr'>supplicio</span> <span class='ocrx_word' id='word_1_172' title='bbox 216 1728 263 1766; x_wconf 81' lang='lat' dir='ltr'>suo</span> <span class='ocrx_word' id='word_1_173' title='bbox 286 1716 370 1765; x_wconf 80' lang='lat' dir='ltr'>latam</span> <span class='ocrx_word' id='word_1_174' title='bbox 389 1715 473 1781; x_wconf 83' lang='lat' dir='ltr'>legem</span> <span class='ocrx_word' id='word_1_175' title='bbox 489 1711 632 1779; x_wconf 76' lang='lat' dir='ltr'>confestim</span> <span class='ocrx_word' id='word_1_176' title='bbox 648 1709 782 1771; x_wconf 77' lang='lat' dir='ltr'>exerceri,</span> <span class='ocrx_word' id='word_1_177' title='bbox 800 1716 827 1758; x_wconf 87' lang='lat' dir='ltr'>et</span> 
     </span>
     <span class='ocr_line' id='line_1_26' title="bbox 26 1775 827 1849; baseline -0.011 -15"><span class='ocrx_word' id='word_1_178' title='bbox 26 1780 304 1834; x_wconf 57' lang='lat' dir='ltr'>&amp;antemnimlabere</span> <span class='ocrx_word' id='word_1_179' title='bbox 340 1781 520 1849; x_wconf 81' lang='lat' dir='ltr'>Aptissimum</span> <span class='ocrx_word' id='word_1_180' title='bbox 530 1787 639 1844; x_wconf 85' lang='lat' dir='ltr'>tempus</span> <span class='ocrx_word' id='word_1_181' title='bbox 651 1784 721 1838; x_wconf 87' lang='lat' dir='ltr'>eret,</span> <span class='ocrx_word' id='word_1_182' title='bbox 739 1775 827 1826; x_wconf 78' lang='lat' dir='ltr'>vindi-</span> 
     </span>
     <span class='ocr_line' id='line_1_27' title="bbox 26 1845 828 1913; baseline -0.01 -10"><span class='ocrx_word' id='word_1_183' title='bbox 26 1852 92 1903; x_wconf 71' lang='lat' dir='ltr'>eatis</span> <span class='ocrx_word' id='word_1_184' title='bbox 104 1850 303 1913; x_wconf 86' lang='lat' dir='ltr'>seditionibus,</span> <span class='ocrx_word' id='word_1_185' title='bbox 322 1850 532 1902; x_wconf 88' lang='lat' dir='ltr'>delinimentum</span> <span class='ocrx_word' id='word_1_186' title='bbox 544 1848 645 1900; x_wconf 86' lang='lat' dir='ltr'>animis</span> <span class='ocrx_word' id='word_1_187' title='bbox 655 1845 756 1898; x_wconf 86' lang='lat' dir='ltr'>Bolani</span> <span class='ocrx_word' id='word_1_188' title='bbox 767 1845 828 1912; x_wconf 84' lang='lat' dir='ltr'>agri</span> 
     </span>
     <span class='ocr_line' id='line_1_28' title="bbox 26 1915 826 1989; baseline -0.009 -17"><span class='ocrx_word' id='word_1_189' title='bbox 26 1920 187 1973; x_wconf 77' lang='lat' dir='ltr'>divisionem</span> <span class='ocrx_word' id='word_1_190' title='bbox 205 1921 304 1974; x_wconf 89' lang='lat' dir='ltr'>obiici:</span> <span class='ocrx_word' id='word_1_191' title='bbox 327 1936 381 1989; x_wconf 94' lang='lat' dir='ltr'>quo</span> <span class='ocrx_word' id='word_1_192' title='bbox 392 1919 469 1971; x_wconf 82' lang='lat' dir='ltr'>facto</span> <span class='ocrx_word' id='word_1_193' title='bbox 484 1919 649 1970; x_wconf 87' lang='lat' dir='ltr'>minuissent</span> <span class='ocrx_word' id='word_1_194' title='bbox 661 1915 826 1968; x_wconf 89' lang='lat' dir='ltr'>desiderium</span> 
     </span>
     <span class='ocr_line' id='line_1_29' title="bbox 26 1988 828 2058; baseline -0.01 -16"><span class='ocrx_word' id='word_1_195' title='bbox 26 1990 149 2057; x_wconf 77' lang='lat' dir='ltr'>egrarlae</span> <span class='ocrx_word' id='word_1_196' title='bbox 159 1991 245 2058; x_wconf 85' lang='lat' dir='ltr'>legis,</span> <span class='ocrx_word' id='word_1_197' title='bbox 268 2006 337 2056; x_wconf 90' lang='lat' dir='ltr'>quae</span> <span class='ocrx_word' id='word_1_198' title='bbox 354 2005 484 2057; x_wconf 90' lang='lat' dir='ltr'>possesso</span> <span class='ocrx_word' id='word_1_199' title='bbox 496 2004 547 2057; x_wconf 88' lang='lat' dir='ltr'>per</span> <span class='ocrx_word' id='word_1_200' title='bbox 557 1988 689 2040; x_wconf 89' lang='lat' dir='ltr'>iniuriam</span> <span class='ocrx_word' id='word_1_201' title='bbox 701 2001 769 2056; x_wconf 80' lang='lat' dir='ltr'>agro</span> <span class='ocrx_word' id='word_1_202' title='bbox 779 2001 828 2053; x_wconf 89' lang='lat' dir='ltr'>pu·</span> 
     </span>
     <span class='ocr_line' id='line_1_30' title="bbox 26 2058 829 2127; baseline -0.006 -15"><span class='ocrx_word' id='word_1_203' title='bbox 26 2060 96 2112; x_wconf 91' lang='lat' dir='ltr'>blico</span> <span class='ocrx_word' id='word_1_204' title='bbox 109 2061 207 2112; x_wconf 84' lang='lat' dir='ltr'>Patres</span> <span class='ocrx_word' id='word_1_205' title='bbox 218 2060 350 2126; x_wconf 89' lang='lat' dir='ltr'>pellebat.</span> <span class='ocrx_word' id='word_1_206' title='bbox 378 2062 457 2111; x_wconf 91' lang='lat' dir='ltr'>Tunc</span> <span class='ocrx_word' id='word_1_207' title='bbox 467 2060 537 2112; x_wconf 87' lang='lat' dir='ltr'>haec</span> <span class='ocrx_word' id='word_1_208' title='bbox 546 2060 608 2127; x_wconf 90' lang='lat' dir='ltr'>ipsa</span> <span class='ocrx_word' id='word_1_209' title='bbox 617 2058 769 2126; x_wconf 87' lang='lat' dir='ltr'>indignitas</span> <span class='ocrx_word' id='word_1_210' title='bbox 782 2072 829 2107; x_wconf 93' lang='lat' dir='ltr'>an·</span> 
     </span>
     <span class='ocr_line' id='line_1_31' title="bbox 26 2127 828 2199; baseline -0.009 -17"><span class='ocrx_word' id='word_1_211' title='bbox 26 2132 107 2199; x_wconf 71' lang='lat' dir='ltr'>gebat</span> <span class='ocrx_word' id='word_1_212' title='bbox 119 2131 234 2193; x_wconf 88' lang='lat' dir='ltr'>animos,</span> <span class='ocrx_word' id='word_1_213' title='bbox 250 2144 306 2181; x_wconf 91' lang='lat' dir='ltr'>non</span> <span class='ocrx_word' id='word_1_214' title='bbox 315 2130 344 2180; x_wconf 92' lang='lat' dir='ltr'>in</span> <span class='ocrx_word' id='word_1_215' title='bbox 354 2130 508 2182; x_wconf 88' lang='lat' dir='ltr'>retinendis</span> <span class='ocrx_word' id='word_1_216' title='bbox 517 2130 600 2181; x_wconf 91' lang='lat' dir='ltr'>modo</span> <span class='ocrx_word' id='word_1_217' title='bbox 611 2129 733 2197; x_wconf 83' lang='lat' dir='ltr'>publicis</span> <span class='ocrx_word' id='word_1_218' title='bbox 744 2127 828 2195; x_wconf 85' lang='lat' dir='ltr'>agris,</span> 
     </span>
     <span class='ocr_line' id='line_1_32' title="bbox 26 2193 829 2268; baseline -0.01 -18"><span class='ocrx_word' id='word_1_219' title='bbox 26 2214 91 2268; x_wconf 78' lang='lat' dir='ltr'>quos</span> <span class='ocrx_word' id='word_1_220' title='bbox 112 2199 141 2248; x_wconf 84' lang='lat' dir='ltr'>ri</span> <span class='ocrx_word' id='word_1_221' title='bbox 161 2204 281 2262; x_wconf 88' lang='lat' dir='ltr'>teneret,</span> <span class='ocrx_word' id='word_1_222' title='bbox 302 2200 473 2267; x_wconf 88' lang='lat' dir='ltr'>pertinacem</span> <span class='ocrx_word' id='word_1_223' title='bbox 489 2199 668 2252; x_wconf 89' lang='lat' dir='ltr'>nobilitatem</span> <span class='ocrx_word' id='word_1_224' title='bbox 683 2213 759 2259; x_wconf 82' lang='lat' dir='ltr'>esse3</span> <span class='ocrx_word' id='word_1_225' title='bbox 780 2193 829 2244; x_wconf 86' lang='lat' dir='ltr'>scd</span> 
     </span>
     <span class='ocr_line' id='line_1_33' title="bbox 26 2268 829 2338; baseline -0.012 -16"><span class='ocrx_word' id='word_1_226' title='bbox 26 2286 55 2322; x_wconf 90' lang='lat' dir='ltr'>ne</span> <span class='ocrx_word' id='word_1_227' title='bbox 66 2282 183 2318; x_wconf 82' lang='lat' dir='ltr'>vacuum</span> <span class='ocrx_word' id='word_1_228' title='bbox 194 2270 304 2334; x_wconf 89' lang='lat' dir='ltr'>quidem</span> <span class='ocrx_word' id='word_1_229' title='bbox 315 2285 422 2338; x_wconf 85' lang='lat' dir='ltr'>agrum,</span> <span class='ocrx_word' id='word_1_230' title='bbox 430 2284 517 2337; x_wconf 89' lang='lat' dir='ltr'>nuper</span> <span class='ocrx_word' id='word_1_231' title='bbox 529 2285 563 2322; x_wconf 85' lang='lat' dir='ltr'>ex</span> <span class='ocrx_word' id='word_1_232' title='bbox 573 2268 701 2320; x_wconf 89' lang='lat' dir='ltr'>hostibus</span> <span class='ocrx_word' id='word_1_233' title='bbox 707 2270 829 2332; x_wconf 89' lang='lat' dir='ltr'>captum,</span> 
     </span>
     <span class='ocr_line' id='line_1_34' title="bbox 26 2336 829 2406; baseline -0.009 -17"><span class='ocrx_word' id='word_1_234' title='bbox 26 2339 98 2406; x_wconf 89' lang='lat' dir='ltr'>plebi</span> <span class='ocrx_word' id='word_1_235' title='bbox 109 2336 248 2402; x_wconf 80' lang='lat' dir='ltr'>dirider03</span> <span class='ocrx_word' id='word_1_236' title='bbox 269 2354 334 2391; x_wconf 82' lang='lat' dir='ltr'>mox</span> <span class='ocrx_word' id='word_1_237' title='bbox 345 2340 449 2406; x_wconf 87' lang='lat' dir='ltr'>paucis,</span> <span class='ocrx_word' id='word_1_238' title='bbox 462 2346 495 2391; x_wconf 90' lang='lat' dir='ltr'>ut</span> <span class='ocrx_word' id='word_1_239' title='bbox 503 2345 605 2402; x_wconf 88' lang='lat' dir='ltr'>cetera,</span> <span class='ocrx_word' id='word_1_240' title='bbox 616 2336 741 2389; x_wconf 82' lang='lat' dir='ltr'>futurum</span> <span class='ocrx_word' id='word_1_241' title='bbox 752 2346 829 2400; x_wconf 83' lang='lat' dir='ltr'>prae·</span> 
     </span>
     <span class='ocr_line' id='line_1_35' title="bbox 26 2402 829 2474; baseline -0.01 -14"><span class='ocrx_word' id='word_1_242' title='bbox 26 2408 85 2460; x_wconf 87' lang='lat' dir='ltr'>dae.</span> <span class='ocrx_word' id='word_1_243' title='bbox 103 2405 209 2458; x_wconf 89' lang='lat' dir='ltr'>Eodem</span> <span class='ocrx_word' id='word_1_244' title='bbox 222 2422 292 2459; x_wconf 93' lang='lat' dir='ltr'>anno</span> <span class='ocrx_word' id='word_1_245' title='bbox 305 2408 438 2462; x_wconf 79' lang='lat' dir='ltr'>adversus</span> <span class='ocrx_word' id='word_1_246' title='bbox 449 2408 575 2469; x_wconf 89' lang='lat' dir='ltr'>Volscos,</span> <span class='ocrx_word' id='word_1_247' title='bbox 586 2407 751 2474; x_wconf 87' lang='lat' dir='ltr'>populantes</span> <span class='ocrx_word' id='word_1_248' title='bbox 761 2402 829 2454; x_wconf 88' lang='lat' dir='ltr'>Her-</span> 
     </span>
     <span class='ocr_line' id='line_1_36' title="bbox 26 2475 835 2544; baseline -0.01 -14"><span class='ocrx_word' id='word_1_249' title='bbox 26 2480 149 2530; x_wconf 90' lang='lat' dir='ltr'>nicorum</span> <span class='ocrx_word' id='word_1_250' title='bbox 160 2477 237 2541; x_wconf 87' lang='lat' dir='ltr'>fines,</span> <span class='ocrx_word' id='word_1_251' title='bbox 247 2477 372 2544; x_wconf 84' lang='lat' dir='ltr'>legiones</span> <span class='ocrx_word' id='word_1_252' title='bbox 382 2480 482 2532; x_wconf 86' lang='lat' dir='ltr'>ductae</span> <span class='ocrx_word' id='word_1_253' title='bbox 493 2479 599 2530; x_wconf 86' lang='lat' dir='ltr'>aFurio</span> <span class='ocrx_word' id='word_1_254' title='bbox 611 2475 736 2537; x_wconf 87' lang='lat' dir='ltr'>consule,</span> <span class='ocrx_word' id='word_1_255' title='bbox 746 2487 835 2537; x_wconf 73' lang='lat' dir='ltr'>quum</span> 
     </span>
     <span class='ocr_line' id='line_1_37' title="bbox 26 2545 860 2615; baseline 0 -15"><span class='ocrx_word' id='word_1_256' title='bbox 26 2545 132 2601; x_wconf 86' lang='lat' dir='ltr'>hostem</span> <span class='ocrx_word' id='word_1_257' title='bbox 144 2548 184 2603; x_wconf 91' lang='lat' dir='ltr'>ibi</span> <span class='ocrx_word' id='word_1_258' title='bbox 194 2564 249 2601; x_wconf 93' lang='lat' dir='ltr'>non</span> <span class='ocrx_word' id='word_1_259' title='bbox 261 2549 442 2615; x_wconf 79' lang='lat' dir='ltr'>invenissent,</span> <span class='ocrx_word' id='word_1_260' title='bbox 457 2547 659 2609; x_wconf 81' lang='lat' dir='ltr'>Ferentinum,</span> <span class='ocrx_word' id='word_1_261' title='bbox 673 2557 733 2611; x_wconf 66' lang='lat' dir='ltr'>quo</span> <span class='ocrx_word' id='word_1_262' title='bbox 739 2549 860 2600; x_wconf 39' lang='lat' dir='ltr'>iffi&amp;</span> 
     </span>
    </p>
   </div>
   <div class='ocr_carea' id='block_1_4' title="bbox 0 0 934 2978">
    <p class='ocr_par' dir='ltr' id='par_1_5' title="bbox 0 0 934 2978">
     <span class='ocr_line' id='line_1_38' title="bbox 0 0 934 2978; baseline 0 0"><span class='ocrx_word' id='word_1_263' title='bbox 0 0 934 2978; x_wconf 95' lang='lat' dir='ltr'> </span> 
     </span>
    </p>
   </div>
  </div>
 </body>
</html>
