1860 2978
99 416 141 492 Τ.
174 420 350 492 LIVII
393 420 726 496 PATAVINI

302 553 465 612 LIBER
493 553 536 613 11.

30 669 124 722 siberi
133 667 189 721 iam
203 666 267 720 bino
281 669 377 735 popuii
388 669 507 720 Romani
521 684 579 732 res,
601 684 670 736 pace
682 670 792 740 belloqo

30 745 116 802 estas,
137 753 243 791 armuos
255 738 443 805 magistratus,
463 738 635 807 imperiaque
645 740 748 809 legum,
768 756 798 809 pt

30 809 137 864 musra
151 824 234 877 quam
251 805 405 870 bominum,
424 821 566 874 peragam.
602 811 680 871 Quae
698 810 804 864 liberta

30 879 156 933 tlsetior
165 883 247 949 esset,
258 877 379 945 proximi
390 877 464 942 regis
475 878 725 944 superbiaieoerat.
743 880 810 932 Nam

30 950 124 1001 riores
132 949 174 1001 ita
182 952 342 1016 regnarunt,
352 952 385 997 ut
395 943 469 996 haud
480 947 623 999 immerito
636 962 731 1002 omnes
742 948 815 1001 dein·

30 1034 79 1086 aps
90 1018 249 1072 conditores
259 1016 379 1085 partium
390 1021 464 1068 certe
475 1016 553 1067 urbis
559 1051 567 1078 ,
587 1032 656 1083 quas
666 1033 752 1069 novos
761 1017 818 1084 ipsi

30 1088 96 1142 odes
107 1089 143 1140 ab
152 1103 183 1140 se
193 1093 292 1141 auctae
303 1084 479 1139 multitudini
489 1084 665 1148 addiderunt,
675 1101 818 1139 numeren-

30 1174 72 1210 ur:
88 1170 179 1223 neque
190 1158 351 1222 ambigitur,
367 1154 434 1220 quin
444 1152 549 1204 Brutus
559 1154 642 1216 idem,
653 1155 701 1222 qui
709 1160 817 1207 tantun

30 1227 130 1288 ioniae,
147 1224 272 1291 Superbo
283 1226 382 1275 exacto
393 1237 468 1288 rego,
484 1222 597 1286 meruit,
617 1224 740 1291 pessimo
750 1225 818 1292 pub·

30 1311 68 1350 ‚oo
79 1294 112 1346 iu
123 1294 248 1347 faoturus
263 1292 362 1354 fuerit,
382 1292 408 1343 si
417 1291 558 1344 libertatis
568 1293 735 1349 immaturae
744 1299 817 1363 cupi·

30 1369 79 1419 ine
87 1362 211 1432 priorum
222 1377 319 1430 regum
331 1361 417 1414 alicui
426 1377 543 1429 rognum
552 1364 725 1418 extorsisset.
741 1363 818 1428 Quid

35 1436 86 1487 sim
95 1433 220 1486 futurum
230 1433 298 1494 fuit,
317 1433 342 1485 si
355 1432 408 1484 illa
419 1438 563 1500 pastorum
578 1449 817 1502 convenarumque

42 1506 101 1568 ebs,
121 1502 269 1571 transfuga
279 1517 313 1555 ex
323 1502 381 1554 suis
391 1503 510 1571 populis,
525 1506 576 1556 sub
588 1505 678 1557 tutelo
686 1504 817 1558 inviolati

47 1574 168 1643 mpliaut
174 1573 343 1636 libertatem,
354 1579 402 1625 aut
408 1580 483 1627 corte
488 1574 693 1641 impunitatem,
704 1575 817 1641 adepta,

51 1646 110 1696 {utu
121 1643 203 1712 regio
221 1648 310 1706 metu,
330 1644 434 1711 agitari
449 1651 550 1712 coepta
569 1652 643 1698 esset
657 1643 817 1697 tribuniciis

59 1713 161 1776 saeuis,
183 1712 251 1765 etin
261 1713 353 1766 alieno
361 1713 429 1767 urbe
439 1730 502 1767 oum
513 1715 644 1767 Patribus
654 1730 748 1767 serere
760 1728 817 1766 oer-

65 1785 136 1847 tina,
155 1782 316 1850 priusquam
333 1783 451 1851 pignora
461 1785 610 1850 coniugum
621 1800 655 1835 uc
664 1784 818 1836 liberorum

73 1858 173 1920 tneque
182 1851 271 1919 ipsius
281 1853 343 1915 soli,
353 1854 399 1904 oui
407 1853 493 1918 longo
503 1859 630 1915 ternpore
639 1848 819 1913 assuescitur,

77 1937 231 1975 noseorum
242 1921 447 1975 consociasset?
467 1919 628 1983 Dissipatae
638 1935 684 1971 res
696 1918 818 1971 nondun

83 1997 127 2044 tao
143 1992 284 2044 discordia
295 1992 401 2043 forent:
420 2000 489 2054 quas
504 1985 578 2038 fovit
594 1988 747 2057 tranquilla
760 1990 819 2040 mo·

88 2063 126 2182 ²33
134 2055 818 2196 istob:botttffltttzbttsitttzt

101 2198 168 2252 tutis
181 2206 274 2251 autem
285 2198 422 2266 originem
431 2195 497 2248 inde
508 2197 606 2265 magis,
622 2198 687 2266 quia
696 2213 817 2251 annuum

106 2270 160 2321 ium
170 2268 315 2322 consulare
324 2268 429 2319 facturn
441 2273 496 2330 est,
517 2282 600 2334 quam
609 2268 682 2335 quod
694 2269 817 2322 deminu-

114 2336 227 2406 ioquom
236 2337 550 2405 sitexregiapotostste‚
560 2352 696 2389 numeres.
717 2334 817 2388 omnia

120 2409 191 2461 mnis
200 2409 320 2477 insignia
329 2407 414 2475 primi
424 2407 552 2459 eonsules
560 2413 686 2459 tenuere:
696 2404 728 2455 id
733 2400 818 2453 modo

135 2485 192 2542 est,
205 2493 253 2541 ne,
269 2480 294 2531 si
305 2477 386 2530 ambo
398 2476 490 2534 fasces
499 2475 655 2541 baberent,
668 2473 840 2542 bupb‘uestos

133 2549 258 2602 rueretur.
295 2550 404 2607 Brutus
415 2555 508 2624 prior,
529 2541 863 2608 aonoeoenteooxxeua„

140 2616 212 2670 ¹¹¹¹³
223 2621 271 2690 tui
280 2640 340 2679 nou
353 2628 456 2686 acrior
464 2611 870 2687 moextmemaustuexat
