1860 2978
109 129 185 179 Lrs.
195 124 252 178 111.
271 128 345 179 cir.
355 128 398 179 70.
417 127 461 194 [U.
474 127 504 178 C.
516 133 573 196 3⁰9·
584 126 616 177 A.
625 127 655 178 C.
666 125 735 195 tls]
780 130 832 182 225

31 302 170 371 equitibus
181 303 354 369 praeficiunt
382 302 496 354 Pedites
507 305 541 354 ab
554 303 652 354 dextro
664 318 750 353 cornu
760 320 837 371 egre·

30 375 75 441 gie
87 389 260 439 pugnavere,
282 372 356 424 haud
372 374 496 441 segniter
509 373 704 425 resistentibus
714 372 836 423 Volscis.

32 443 91 494 Ser.
103 442 243 508 Sulpicius
253 459 303 511 per
313 444 434 494 mediam
450 442 571 494 hostium
586 444 676 494 aciem
687 458 748 493 cum
762 443 837 509 equi-

33 519 95 563 tatu
109 513 249 579 perrupit:
270 514 343 565 unde
355 529 439 581 quum
456 513 555 566 eadem
568 513 674 565 reverti
694 518 789 579 posset
802 511 839 563 ad

33 598 108 645 suos,
130 583 293 650 priusquam
313 582 401 635 hostis
416 585 545 635 turbatos
567 582 680 635 ordines
700 582 839 643 reliceret,

33 658 115 720 terga
128 653 294 720 impugnare
307 651 429 704 hostium
443 654 532 705 satius
541 653 633 705 visum
643 657 697 704 est:
718 666 840 703 momen·

33 726 119 789 toque
129 723 273 788 temporis,
293 724 323 774 in
334 739 459 774 aversam
470 722 635 775 incursando
647 721 745 784 aciem,
766 721 840 772 anci·

32 791 88 859 piti
106 797 216 843 terrore
231 793 397 859 dissipasset
415 791 519 856 hostes,
538 794 568 845 ni
582 808 633 844 suo
652 791 768 860 proprio
780 806 841 842 eum

32 860 144 929 proelio
164 861 271 928 equites
285 862 452 915 Volscorum
474 869 502 916 et
517 864 674 929 Aequorum
695 867 843 928 exceptum

32 929 207 997 aliquamdiu
225 932 389 984 tenuissent.
424 932 467 983 lbi
486 947 553 985 vero
571 931 709 999 Sulpicius
730 946 843 998 negare,

33 1000 182 1053 cunctandi
192 1008 295 1069 tempus
306 1018 371 1066 eree,
384 1000 578 1055 circumventor
588 1002 798 1068 interclusosque
809 998 844 1050 ad

33 1069 92 1123 cuis
103 1068 274 1134 vociferans,
295 1070 325 1125 ne'
336 1080 459 1138 equestre
470 1071 604 1152 proelium
615 1070 719 1122 counio
734 1069 806 1121 omui
816 1067 845 1119 ui

30 1138 206 1211 perficerent.
240 1138 409 1214 Necfugare
420 1151 535 1207 equetem
546 1141 684 1210 integrum
694 1138 763 1190 eutis
774 1153 845 1190 erre.-

33 1209 199 1280 eenfieereot
211 1227 290 1279 equor
299 1211 431 1279 uiresque,
442 1228 475 1262 nc
485 1211 544 1279 quis
554 1208 725 1263 recederetur
736 1207 798 1261 inde
809 1208 848 1258 ad

30 1278 178 1352 proelium,
195 1289 244 1333 eut
259 1280 416 1353 integraret
423 1297 560 1352 pugnam:
581 1298 635 1335 oon
641 1295 722 1348 poete
732 1277 792 1330 illes
802 1293 844 1330 re·

32 1348 132 1402 sistere
146 1349 211 1413 ribi,
235 1351 330 1417 quitur
345 1369 394 1405 eon
412 1361 472 1405 ertu
490 1351 612 1422 peditum
628 1347 844 1403 assuescam.

35 1417 121 1471 Haud
140 1419 231 1471 surdis
251 1423 364 1475 auribus
394 1424 463 1475 icta:
483 1421 666 1490 impressione
679 1435 735 1472 una
751 1424 845 1470 totum

38 1487 191 1557 equitatum
203 1490 314 1555 ludere,
334 1508 464 1561 magnam
475 1493 532 1545 vim
542 1508 579 1545 ex
589 1492 667 1559 equis
677 1489 845 1559 praecipita-

43 1573 110 1621 rere,
119 1558 198 1626 ipsos
209 1576 349 1629 equosque
360 1564 475 1631 spiculis
486 1562 645 1616 confodere.
681 1562 708 1613 ls
720 1559 784 1612 linis
795 1573 844 1626 pu·

48 1642 108 1683 rnae
127 1633 264 1697 equestris
280 1631 343 1685 fuit.
379 1637 466 1698 Tunc,
488 1633 581 1686 adorti
600 1632 727 1700 peditum
745 1628 844 1689 aciem,

54 1697 149 1750 untios
159 1699 195 1751 ad
206 1702 335 1756 consules
345 1705 387 1755 rei
398 1710 495 1774 gestae
506 1704 630 1766 mittunt,
641 1703 691 1753 ubi
701 1701 758 1752 iam
766 1697 846 1750 incli-

58 1768 157 1820 abatur
172 1768 294 1822 hostiurn
309 1774 393 1827 acies.
429 1773 549 1826 Nuntius
562 1772 662 1824 deinde
673 1777 701 1823 et
711 1767 846 1822 vincenti·

64 1853 89 1889 rs
109 1838 244 1893 Romanis
262 1843 370 1894 animos
391 1844 479 1906 auxit,
503 1848 531 1894 et
553 1840 707 1893 referentes
728 1837 846 1904 gradum

67 1907 156 1960 oculu
165 1910 284 1979 Aequos.
312 1914 343 1963 ln
354 1913 448 1964 media
456 1913 577 1978 primum
588 1910 650 1961 acic
660 1907 735 1958 vinci
745 1905 846 1972 coepti,

72 1993 96 2029 :a
109 1980 262 2044 permissus
282 1983 421 2048 equitatus
438 1981 599 2032 turbaverat
618 1977 737 2031 ordines.
774 1973 845 2026 Sini-

77 2061 127 2097 um
148 2048 249 2104 deinde
271 2067 356 2103 cornu
371 2053 407 2103 ab
419 2051 551 2113 Quinctio
571 2047 689 2109 consule
699 2044 769 2114 pelli
785 2058 845 2096 coe·

82 2119 167 2182 1m3in
178 2121 277 2172 dextro
289 2122 438 2188 plurimum
448 2119 553 2172 laboris
563 2118 626 2170 luit.
660 2117 703 2168 lbi
712 2117 844 2186 Agrippa,

87 2191 131 2239 ate
145 2190 306 2257 viribusque
327 2189 417 2253 ferox,
435 2204 520 2258 quum
537 2189 613 2242 omni
632 2194 713 2256 parte
732 2202 844 2256 pugnae

94 2256 137 2310 ius
146 2274 192 2311 res
204 2263 272 2326 geri,
284 2275 365 2326 quarn
376 2260 449 2327 apud
460 2277 498 2324 se,
509 2260 626 2324 rideret,
637 2265 754 2328 accepta
764 2260 845 2326 signo

96 2325 231 2394 tigriferis
245 2331 306 2397 ipse
321 2329 438 2393 inferre,
459 2331 595 2397 quaedam
611 2331 703 2384 iacere
714 2329 799 2381 etiarn
814 2326 844 2374 in

100 2394 179 2448 ’ertos
188 2397 283 2452 hostes
294 2401 394 2467 coepit.
418 2400 502 2452 cuius
513 2401 682 2467 ignominiae
692 2403 768 2449 metu
780 2410 843 2471 conj

107 2466 244 2530 inrilites,
260 2473 386 2523 invasere
396 2471 518 2523 hostem:
539 2472 582 2522 ita
592 2473 712 2536 aequata
723 2480 758 2517 ex
769 2476 844 2513 omnl

110 2537 255 2590 evictoria
271 2546 322 2593 est.
358 2533 478 2593 Nu'ntius
498 2547 557 2592 tum
576 2557 594 2590 a
605 2535 734 2601 Quinctio
756 2531 841 2592 venit,

115 2623 174 2660 rem
188 2608 247 2665 iam
256 2624 286 2661 se
296 2611 441 2664 imminere
452 2610 576 2662 hostium
587 2606 701 2667 castris3
721 2600 796 2655 nolle
807 2600 844 2653 ir·

121 2694 181 2741 ere,
201 2684 350 2746 antequam
366 2682 450 2745 sciat,
471 2678 649 2798 debellatunp
656 2674 728 2728 etin
737 2671 859 2722 smum

124 2749 179 2802 biv.
192 2751 263 2804 Tou.
278 2751 300 2804 l.
