1898 3292
90 113 142 169 aas
237 108 397 165 r.n1v11
418 106 465 177 [υ.
474 108 505 159 e.
516 106 662 175 nanc.
672 108 749 175 aaa]

92 219 168 271 nime
178 217 287 280 dubius,
298 214 402 267 bellum
414 228 475 265 cum
487 211 529 262 his
536 210 895 278 populnl’ntresiusmmr,

92 304 177 357 quum
186 288 276 341 maior
286 285 362 337 domi
372 288 471 335 exorta
480 281 569 333 moles
579 282 675 348 coegit
684 282 773 333 acciri
784 284 896 335 Roman

93 374 170 421 cum,
188 356 364 425 gliscentem
374 353 434 406 dies
443 350 596 413 reditione,
616 366 701 418 quam
713 352 802 405 solito
814 352 898 421 mugit

93 424 270 480 metuendam
285 431 384 475 auctor
398 422 529 475 faciebat.
563 421 627 473 Non
639 422 786 475 animiam
798 425 898 475 oratio·

93 513 142 549 nes
152 493 236 547 modo
246 493 286 546 M.
292 494 402 557 Manlii,
413 490 558 554 radicata,
568 492 718 559 popularia
728 493 758 545 in
769 494 899 559 speciem,

94 564 268 617 tumultuosa
274 564 380 625 eadem,
390 568 542 630 quamente
548 561 657 625 fierent,
668 562 901 617 intuendaerant.

95 633 302 697 eenmrionem,
322 633 444 685 nobilem
455 632 622 684 militaribus
633 630 732 696 iactis,
746 633 901 685 iudicatum

95 703 230 772 pecuniae
241 718 324 769 quum
336 702 400 754 duci
406 703 537 765 vidimet,
557 700 650 753 medio
660 700 727 753 foro
739 717 803 753 cum
815 708 902 755 ceter·

95 790 131 826 va
141 788 193 825 rua
203 772 334 834 accurrit,
345 779 373 825 et
383 788 494 824 manum
505 771 615 823 iniecit:
628 770 859 841 vociferatusque
869 770 903 823 de
940 768 942 827 l

95 841 228 909 superbia
236 840 362 905 Patrum,
375 857 408 893 ac
418 842 583 894 crudelitato
593 838 798 905 feneratorum,
817 847 846 895 et
854 839 903 891 mi·
940 836 942 879 Ι

95 912 177 965 aeriis
195 910 301 978 plebis,
321 911 543 962 uirtutilnmeiue
557 910 612 959 riri
625 910 812 1031 fortunague:
836 908 902 963 Tan

94 998 231 1049 reroego,
250 981 353 1047 inquit,
372 978 549 1046 nequicquam
563 976 726 1031 tardema
757 980 903 1048 'epitolr‘urn

95 1066 235 1118 (arcemque
246 1051 418 1111 servaverim,
428 1047 904 1117 riciremconrmilr‘tonemquemeun,

96 1132 229 1191 tanquam
247 1118 335 1171 Gallie
350 1116 496 1171 victoriane
512 1123 635 1183 captum,
652 1117 682 1171 r'n
697 1118 859 1173 seruitutem
873 1132 903 1173 uc

95 1191 204 1243 vincula
219 1187 282 1241 duci
295 1188 409 1239 videam.
447 1186 515 1241 lndc
530 1201 588 1238 rem
605 1186 740 1240 creditori
754 1188 851 1255 palam
860 1201 893 1255 po

96 1260 164 1327 pulo
176 1258 272 1321 solvit,
287 1258 415 1324 libraque
426 1262 455 1308 et
466 1272 531 1309 aere
541 1256 693 1309 liberatum
706 1259 824 1322 omittit,
839 1258 903 1309 deor

99 1336 185 1397 atque
194 1326 321 1379 homines
333 1327 531 1392 obtestantem,
542 1336 573 1379 at
583 1326 623 1378 M.
636 1327 752 1394 Manlio,
763 1323 904 1385 lideratori

96 1414 153 1462 suo,
168 1397 280 1466 parenti
286 1396 373 1465 plebio
384 1395 531 1459 Romanae,
546 1397 670 1465 gratiam
681 1400 822 1471 reserant.
857 1401 901 1451 ilc·

98 1473 197 1535 captur
208 1466 350 1533 extemplo
364 1468 394 1517 in
409 1467 610 1519 tumultuosam
626 1468 739 1521 turbam
755 1472 853 1538 etipse
863 1474 906 1519 tu·

96 1536 214 1587 multum
221 1538 350 1602 augebat,
361 1536 509 1590 cicatrices
521 1536 779 1604 acceptasVeienti,
786 1539 902 1601 Gallico,

97 1606 216 1671 aliisquo
236 1604 365 1671 deinceps
386 1605 471 1657 bellis
490 1612 643 1659 ostentans.
681 1609 718 1663 Se
734 1610 903 1667 militantem,

99 1692 124 1727 re
140 1673 327 1727 restituentem
345 1692 448 1727 enarum
461 1686 586 1743 penates,
605 1677 755 1746 ruultr'plr'cr'
771 1680 903 1733 iamrorte

96 1747 229 1809 exsoluta,
245 1744 427 1825 mergentibus
436 1762 536 1812 rerrrper
548 1756 648 1799 cortem
658 1749 760 1811 acaria,
784 1751 903 1802 obrutum

91 1816 192 1889 'terrore
203 1831 272 1867 erre.-
283 1816 372 1867 ardere
383 1816 475 1876 lucem,
481 1816 587 1886 farum,
598 1816 696 1869 civium
709 1836 770 1882 ora,
783 1819 822 1871 lli.
834 1819 904 1871 llan-

96 1885 129 1936 lii
140 1902 236 1953 opera:
255 1884 343 1937 onznia
350 1894 500 1952 parentum
511 1884 639 1953 benefida
651 1886 685 1938 ab
696 1887 745 1940 illo
756 1904 786 1943 ee
797 1889 904 1942 habere:

96 1954 139 2006 im·
150 1953 403 2023 devovereeorporir
413 1954 536 2022 citaeque
544 1972 575 2007 ac
586 1957 731 2025 rarrgur'nir
742 1961 905 2027 quodnuper-

97 2023 148 2075 nit:
164 2024 336 2091 quodcunque
346 2024 398 2076 rr'lri
408 2040 468 2076 enar
475 2025 581 2091 patria,
594 2026 741 2092 penariam
749 2029 869 2096 publicio
878 2044 905 2080 ac

96 2092 216 2160 priuatis
225 2092 402 2163 r'urirsuerit,
414 2094 444 2145 id
452 2111 512 2145 curn
524 2111 576 2149 uno
587 2094 692 2148 honrine
705 2113 770 2150 erte.
801 2100 855 2151 llis
865 2114 904 2147 ro·
938 2128 942 2155 r

99 2163 176 2212 cibus
189 2161 324 2212 instincta
334 2163 430 2228 plebes
441 2178 524 2230 quum
536 2165 593 2216 iam
604 2167 685 2217 unius
696 2164 903 2227 lionrinisereet‚
939 2166 942 2174 '

98 2230 197 2283 addita
208 2230 266 2280 alia
276 2233 467 2284 commotioris
485 2234 520 2286 ad
531 2236 628 2287 omnia
642 2237 788 2290 turbanda
798 2235 903 2291 consilii

97 2316 151 2353 res.
188 2299 317 2351 Fundum
326 2302 355 2353 in
366 2302 488 2366 Veienti,
507 2305 590 2373 caput
602 2308 780 2374 patrimonii,
791 2306 903 2359 subiecit

97 2370 242 2437 praeconi:
264 2368 529 2439 Neqnennenran,
548 2377 649 2443 inquit,
672 2376 812 2443 Quirites,
831 2380 902 2431 doner

97 2441 240 2509 quicquam
250 2440 280 2495 r'a
290 2459 319 2493 re
330 2459 388 2495 aerea
406 2445 554 2511 supererit,
573 2447 727 2499 iudicatum
739 2449 901 2501 addictumre

91 2512 159 2567 draci
165 2511 275 2585 patiar.
293 2511 328 2565 ld
336 2527 404 2565 nero
413 2514 458 2565 ita
465 2514 590 2567 accendit
600 2516 718 2579 animos,
728 2524 761 2570 ut
772 2528 901 2585 peronmc

85 2583 133 2641 fas
151 2606 187 2645 ac
197 2586 282 2643 nefas
299 2584 429 2641 secuturi
439 2582 582 2635 uindicem
588 2584 900 2641 iloemat'mnidcrentur.

81 2662 125 2719 ld
137 2662 198 2721 hoc
211 2661 310 2731 domi,
328 2650 910 2715 concionaniminmouum,sermone-inxu-

54 2708 91 2769 ἱ
