1860 2978
72 110 158 165 mn.
169 109 192 164 1.
211 110 295 164 cnr.
306 111 351 165 4ο.
362 111 406 166 41.
426 112 512 183 [no.
526 117 584 184 ηις.
600 115 670 167 ne.
683 117 750 185 sm]
786 116 821 172 51

26 222 66 280 st,
77 218 154 269 alter
164 218 265 270 elatam
276 219 396 271 securim
405 220 436 270 in
445 224 529 286 caput
539 210 653 272 deiecit:
668 220 822 289 relictoque

26 304 45 338 n
53 288 173 340 vulnere
181 288 248 351 tolo,
262 289 344 340 ambo
355 288 471 340 setores
483 289 605 342 ciiciunt.

67 356 143 409 XLl.
172 359 353 425 Tarquinium
365 359 557 411 moribundum
570 374 665 425 quum,
684 361 732 428 qui
747 360 823 411 circa

26 432 112 489 nant,
134 429 321 494 excepissent,
341 428 407 479 illos
418 427 559 496 fugientes
574 429 687 481 lictores
699 445 821 496 compre·

26 496 151 548 tendunt.
188 498 300 548 Clamor
309 497 373 549 inde
385 513 587 565 concursusque
596 500 703 565 populi,
718 500 821 550 miran-

26 564 85 616 lum
96 566 167 633 quid
176 568 220 619 rei
231 573 312 619 essct.
331 568 471 634 Tanaquil
481 569 557 619 inter
565 569 715 621 tumultum
727 569 821 620 claudi

26 635 126 701 egium
136 636 225 700 iubet,
245 637 366 689 arbitros
381 638 475 690 eiicitz
497 637 590 700 simul,
610 653 681 704 quae
697 639 820 690 curando

26 704 127 757 ulneri
145 720 215 772 opus
234 712 310 769 sunt,
332 712 463 773 tanquam
483 721 546 773 spes
565 707 701 771 subesset,
721 708 819 761 sedulo

26 776 275 842 =omparatssimul,
284 777 309 827 si
321 776 458 828 destituat
466 791 539 842 spes,
549 774 607 827 alia
612 777 753 843 praesidia
761 792 819 828 mo-

26 844 92 897 itur.
118 843 215 896 Servio
226 860 343 911 propere
354 847 445 897 accito
460 860 541 911 quum
553 861 641 912 paene
651 861 819 915 exsanguem

26 913 105 963 'irum
117 914 300 978 ostendisset3
320 915 446 967 dextram
458 919 553 965 tenens
565 921 636 977 orat,
650 932 685 967 ne
698 917 819 967 inultam

26 988 135 1036 nonem
145 985 248 1046 soceri,
268 999 303 1036 ne
318 998 428 1034 socrum
440 984 563 1034 inimicis
578 983 701 1037 ludibrio
712 1001 773 1038 esse
782 985 820 1037 si-

26 1058 70 1105 let.
103 1052 192 1105 Tuum
202 1062 252 1117 est,
266 1053 365 1121 inquit,
383 1052 469 1114 Sercs',
483 1052 508 1104 ss'
517 1053 559 1103 vir
569 1070 605 1114 es,
616 1069 747 1134 regnum
766 1071 820 1107 sos

27 1138 121 1187 mem,
140 1121 292 1189 qus'ub'enis
302 1123 424 1175 munibus
438 1120 581 1189 pessisncm
590 1121 705 1192 suemus
716 1123 820 1194 fecere.

26 1191 102 1263 brige
114 1198 155 1254 te,
176 1193 289 1261 deosque
300 1194 379 1244 duces
387 1209 506 1260 sequere,
522 1190 568 1258 qus*
577 1195 680 1246 elerum
690 1191 739 1244 lsoc
753 1192 821 1263 fore

27 1270 99 1331 spat
112 1261 202 1314 diuiso
217 1263 351 1331 quosdam
367 1262 533 1333 circurnfuso
543 1260 604 1330 igni
613 1262 819 1328 portenderunt.

26 1329 96 1384 lenc
103 1330 181 1383 tes'tla
187 1331 307 1384 coelestis
313 1333 415 1385 excitet
416 1332 547 1402 flammo:
557 1348 627 1385 nune
633 1331 820 1402 expergiscere

26 1417 81 1453 ere.
104 1399 147 1452 Et
156 1418 204 1455 nos
213 1402 356 1473 peregrini
365 1402 545 1472 regnavimus.
564 1402 820 1467 Qus'ss's‚ssossussde

26 1478 94 1523 *atus
104 1469 151 1535 ss‘s,
163 1481 271 1540 reputa.
297 1472 385 1525 Situs
395 1490 425 1525 re
435 1472 525 1525 subita
536 1472 647 1526 consilia
658 1480 777 1540 torpent,
786 1480 820 1525 at

26 1556 44 1591 s
54 1556 116 1593 mea
125 1557 244 1610 sequere.
279 1544 369 1605 Quum
385 1543 491 1595 clamor
506 1543 680 1610 impetusque
693 1542 818 1595 multitu·

26 1608 88 1661 linis
98 1610 147 1661 rix
157 1610 290 1663 sustineri
299 1618 403 1678 posset,
416 1608 451 1664 'ex
462 1615 604 1678 superiore
614 1616 694 1679 parte
704 1611 817 1663 aedium

26 1694 63 1730 ser
72 1679 221 1742 fenestras,
230 1678 369 1733 inNovam
378 1682 564 1746 riamscrsas‚
574 1681 733 1746 (habitabat
742 1680 816 1731 enim

26 1762 62 1800 ex
72 1748 108 1799 acl
122 1749 197 1801 lovis
213 1748 345 1814 Statoris)
359 1751 490 1817 populum
501 1750 639 1818 Tanaquil
654 1749 816 1816 alloquitur.

26 1816 91 1870 ubet
106 1817 173 1871 bosso
188 1818 279 1871 animo
294 1836 363 1873 esse:
383 1821 501 1888 sopitum
515 1821 606 1893 fuisse
621 1835 712 1888 regem
726 1817 816 1870 solito

26 1894 85 1941 ctas:
100 1887 211 1968 serrum
221 1886 297 1940 baud
304 1891 361 1941 alte
371 1889 401 1940 s'ss
411 1904 508 1954 corpus
519 1886 695 1939 descendisse:
715 1886 770 1937 s'am
780 1886 818 1937 od

26 1956 158 2008 ereduse.
193 1956 344 2024 Impectum
355 1959 461 2019 vulnus,
471 1956 591 2007 absterso
602 1969 712 2006 cruore:
724 1953 816 2007 omnic

26 2024 214 2079 eistetenses
232 2026 374 2096 confidere,
383 2024 539 2093 propediem
549 2024 635 2092 ipsum
647 2040 692 2077 eos
702 2023 815 2077 choros.

26 2095 128 2148 nters'ss
143 2095 202 2147 Ser.
218 2094 309 2149 Tullio
324 2094 417 2147 s'ssbers
432 2097 561 2163 populum
577 2094 648 2146 (licto
662 2094 816 2149 audientem

26 2179 74 2217 sss.
109 2164 183 2217 Eam
196 2164 451 2226 intermitterem,
470 2164 655 2233 obiturumque
670 2164 726 2219 elia
741 2165 817 2235 regis

26 2232 105 2287 senis
116 2250 179 2286 esse.
207 2233 320 2287 Servius
331 2249 392 2285 curn
403 2234 501 2287 trabea
512 2240 541 2287 et
550 2234 696 2287 lictoribus
704 2235 815 2302 prodit3

26 2318 52 2367 e,
62 2302 130 2356 sede
140 2304 221 2371 regio
230 2303 339 2366 sedens,
349 2303 407 2355 ulia
415 2303 546 2368 decernit,
557 2305 592 2358 (lo
602 2305 667 2358 aliis
674 2304 816 2360 consultu·

26 2388 73 2426 um
83 2388 115 2425 sc
124 2388 220 2442 regom
231 2389 291 2426 esse
302 2373 426 2426 simulat.
448 2375 555 2442 ltaque,
567 2390 617 2442 per
628 2375 735 2440 aliquot
745 2372 816 2431 dies,

26 2443 163 2495 numiam
173 2443 343 2510 exspirasset
353 2444 532 2510 Tarquinius,
545 2445 640 2498 celata
647 2446 755 2503 morte,
765 2452 822 2505 per

26 2513 132 2581 pecicsn
143 2513 250 2567 alienae
260 2511 420 2582 fungendae
431 2517 504 2572 vicis
526 2533 596 2573 suas
611 2530 685 2584 opes
698 2507 847 2563 bimaiti.-

26 2583 76 2630 'mn
88 2582 198 2635 densum
204 2583 302 2650 palum
312 2586 410 2656 facto,
434 2597 464 2647 et
475 2589 724 2664 comploratione
729 2577 868 2645 'sursum

26 2652 64 2743 la,
74 2647 199 2719 Senius,
211 2660 367 2722 Praesidio
379 2663 474 2724 firmo
486 2660 778 2793 munign‘kpr'msxs
783 2649 877 2703 'uim‘
