1860 2978
10 39 36 68 ιν,

67 186 102 201 —
111 108 184 161 Lis.
195 105 248 161 Vl.
267 109 341 160 Gir.
354 104 388 161 12
397 136 409 146 -
418 106 460 161 14.
480 107 523 177 [U.
535 110 565 160 C.
578 113 636 175 57⁰·
647 105 679 159 A.
691 108 720 158 C.
732 107 801 174 582]
819 107 870 161 377

675 191 872 201 ———---

66 233 123 274 tum
135 230 267 272 terrorem
283 230 430 285 equestrem
447 223 584 289 occupatis
601 221 655 272 olio
669 237 769 286 pavore
780 220 869 291 infer:

65 294 237 356 irsoectusque
253 291 360 342 ordines
373 293 558 359 pregreontium
574 291 683 357 dissipo.
721 289 767 340 Sic
778 305 870 355 eques,

66 363 104 412 sic
117 361 210 427 peiles,
222 365 252 409 ut
264 371 451 426 praeceperat,
463 368 596 429 pugnant:
609 378 659 412 nec
672 361 726 410 dux
738 361 871 425 legiones,

68 448 118 481 mm
127 430 242 481 fortuna
254 431 357 481 fefellit
369 431 473 482 slueem.

119 500 192 552 Xlll.
211 500 367 552 Multitudo
379 500 509 564 hostium,
530 501 598 551 nulli
610 501 660 562 rei,
675 507 870 567 praeterquam

66 585 191 632 ueniere,
201 567 284 634 freta,
300 577 329 622 et
339 572 427 622 oculis
439 577 584 639 utramque
595 570 712 622 metiens
724 572 820 632 aciem,
831 576 870 620 te-

66 654 143 691 mere
155 641 293 705 proelium
304 642 377 704 iniit,
387 648 492 694 temere
503 641 610 693 omisit:
629 641 750 692 clamore
761 647 870 692 tantum

65 710 274 777 missilibusque
296 711 362 762 telis
384 718 411 764 et
427 713 517 778 primo
530 727 641 779 pugnae
655 711 761 776 impetu
780 709 870 771 ferox,

65 778 179 846 gladios
194 787 223 831 et
231 780 365 833 collatum
377 782 475 847 pedem
487 789 516 835 et
528 784 638 833 ruitum
648 779 751 843 hostis,
771 780 870 830 ardore

65 848 153 899 animi
166 849 329 912 micantem,
351 849 426 902 ferre
442 867 498 903 non
517 853 618 918 putuit.
654 850 778 914 Impulsa
793 848 871 899 frons

64 917 165 984 prima,
176 924 204 969 et
214 920 603 986 trepidatiosubsidiisillata‚
615 924 870 970 etsuumterrorem

63 987 164 1038 intulit
175 1004 272 1054 eques:
294 989 370 1055 rupti
381 988 447 1039 inde
457 988 554 1039 multis
565 990 635 1039 locis
646 988 765 1047 ordines,
784 992 871 1037 mota·

64 1072 119 1125 que
131 1059 232 1120 oninia,
255 1064 283 1109 ct
294 1057 441 1108 fluctuanti
452 1057 553 1107 similis
563 1058 638 1107 acies
650 1061 718 1107 erat.
753 1053 872 1115 Deinde,

63 1131 221 1194 postquam,
243 1127 404 1178 cadentibus
415 1126 520 1193 primis,
536 1127 592 1177 iam
603 1124 677 1175 adse
689 1126 803 1190 quisque
813 1138 872 1189 per-

64 1201 211 1247 venturam
223 1196 336 1247 caedem
348 1198 493 1258 cernebat,
514 1201 594 1262 terga
608 1198 728 1246 vertunt.
764 1194 872 1244 lnstare

62 1266 220 1326 Romanum
233 1271 270 1326 et,
281 1264 369 1316 ‹louec
380 1265 483 1315 armati
489 1264 659 1331 confertique
665 1263 785 1325 abibant,
795 1261 871 1328 pedi·

61 1344 125 1386 tum
135 1333 217 1383 labor
228 1334 257 1384 in
268 1333 457 1400 persequendo
473 1333 539 1386 tuit:
560 1340 709 1401 postquam
718 1332 819 1384 iactari
829 1347 871 1383 ar·

64 1419 112 1454 ma
122 1402 237 1469 passim,
255 1403 378 1473 fugaque
389 1419 532 1472 peragras
543 1405 639 1471 spargi
650 1403 739 1455 aciem
749 1402 870 1455 hostium

64 1472 290 1525 animaduersum
311 1480 367 1540 est3
389 1481 448 1526 tum
469 1474 593 1542 equitum
614 1481 723 1526 turmae
743 1475 869 1538 emissae,

64 1542 241 1612 datosigno,
261 1560 305 1608 ne,
324 1544 788 1614 insingulorummorandoeaede,
808 1561 870 1612 spa-

66 1612 139 1662 tium
150 1612 185 1663 ad
196 1614 368 1667 evadendum
382 1617 496 1668 interim
510 1615 684 1667 multitudini
695 1615 807 1667 darent:
827 1628 870 1665 sa-

65 1681 105 1733 tis
116 1695 184 1745 esse,
200 1685 352 1736 missilibus
364 1701 397 1735 ac
408 1692 516 1736 terrore
527 1685 656 1752 impediri
668 1700 786 1746 cursum,
806 1685 870 1735 obe·

66 1751 259 1820 quitandoque
270 1769 369 1820 agmen
381 1755 479 1814 teneri,
500 1754 564 1804 dum
575 1754 687 1819 assequi
697 1752 781 1818 pedes
791 1758 820 1803 et
831 1752 872 1803 iu·

65 1827 114 1873 sto
129 1822 214 1873 caede
230 1824 366 1875 conticere
380 1822 489 1874 hostem
508 1827 611 1888 posset.
647 1822 743 1888 Fugne
757 1835 873 1886 sequen·

65 1891 152 1957 nique
172 1905 227 1942 nen
243 1900 307 1944 ante
327 1898 438 1943 noctem
454 1890 517 1941 linis
532 1891 599 1941 tuit:
621 1896 704 1956 capta
719 1903 828 1956 quoque
840 1905 873 1942 ae

65 1962 179 2026 direpta
200 1961 298 2013 eodem
324 1961 370 2012 die
390 1966 482 2012 castra
500 1959 680 2023 Volscorum,
709 1958 870 2026 praedaque

65 2031 171 2095 (ruinis,
192 2036 305 2097 praeter
319 2031 411 2082 libera
425 2046 558 2097 corpora,
579 2030 664 2081 militi
675 2044 808 2081 concessa
819 2035 871 2082 est.

65 2101 136 2152 Pars
151 2100 274 2151 maxima
285 2101 458 2167 captivorum
475 2104 511 2153 ex'
522 2101 632 2153 Latinis
647 2105 730 2167 atque
741 2098 872 2151 Hernicis

66 2169 135 2223 fuit:
151 2185 202 2220 nec
213 2167 355 2220 hominum
367 2170 401 2222 de
409 2171 500 2237 plebe,
511 2176 543 2221 ut
554 2171 628 2223 credi
638 2175 733 2238 posset
743 2169 871 2222 mercede

66 2239 220 2302 militasse,
240 2239 289 2290 sed
299 2240 439 2307 principes
456 2241 568 2309 quidam
583 2241 736 2293 iuventutis
752 2239 874 2302 inventi3

68 2306 221 2361 oronitcste
231 2308 314 2373 tides,
334 2311 445 2376 publica
455 2326 507 2378 ope
516 2311 635 2363 Volscos
644 2312 740 2363 hostes
753 2307 875 2360 adiutos.

71 2376 272 2429 Circeiensium
284 2396 392 2449 quoque
403 2382 515 2448 quidam
527 2383 641 2449 cogniti,
653 2387 682 2433 et
694 2377 784 2430 coloni
794 2393 812 2427 a
821 2375 876 2427 Ve-

70 2444 159 2498 litris:
179 2447 350 2517 Romamque
365 2468 460 2504 omnes
470 2453 550 2505 missi
564 2447 885 2519 percunctentilsasssx·

69 2516 196 2569 [rioribus
206 2516 322 2571 Petrum
333 2522 440 2586 eadem,
458 2538 533 2591 quae,
543 2519 700 2576 uicissem,
706 2512 916 2562 eeleexxaxxem

69 2585 113 2639 ⁸¹¹5
124 2586 239 2654 ‘lmine
248 2592 358 2659 P‘llfflll,
370 2592 451 2648 haud
461 2594 610 2664 perplexe
619 2586 813 2638 inuisas-ew-

108 2655 185 2711 Mis.
205 2658 345 2724 Dictator
357 2669 533 2726 exercitum
543 2666 581 2719 in
589 2652 725 2716 statuis
732 2630 870 2694 sessim*
878 2650 891 2674 ²
903 2629 923 2657 x
