1898 3292
96 154 132 206 oo
247 154 280 203 r.
299 150 405 202 mvn
425 151 468 217 [o.
480 147 509 205 c.
520 165 578 201 220.
595 147 628 199 A.
640 147 669 198 c.
681 146 750 214 532]

99 258 246 312 dulcedine
256 257 359 322 privati
370 256 511 308 commodi
523 271 619 311 seruus
630 256 766 309 malorum
777 256 904 322 publico·

99 344 160 381 rum
170 327 270 390 adimi3
287 325 384 390 donec,
400 326 471 381 orba
481 326 601 378 consilio
613 326 782 392 auxilioque,
792 325 904 378 Gabina

98 414 143 450 res
159 397 222 464 regi
239 396 366 449 Romano
381 396 443 450 sine
463 396 523 449 ulla
542 397 723 453 dimicatione
743 395 773 446 in
789 411 902 448 manum

98 466 228 519 traditur.
754 480 760 491 ·

167 534 228 588 LV.
247 533 344 587 Gabiis
356 535 485 602 receptis,
496 535 666 603 Tarquinius
674 548 772 600 pacem
784 534 904 587 cunne-

98 618 217 674 quornm
231 611 315 673 gente
328 603 411 670 lecit3
432 602 532 657 foedus
552 619 612 656 cum
630 605 729 655 Tuscis
748 603 903 656 renovavit.

96 675 164 728 lude
175 675 212 728 nd
223 675 338 744 negotia
353 675 462 726 urbana
477 675 601 726 animum
612 673 764 726 convertit:
784 687 902 740 qnorum

98 751 160 798 erat
174 745 306 811 primum,
328 751 360 795 ut
375 744 450 795 lovis
466 745 600 810 templum
613 745 643 795 in
659 744 755 797 monte
771 742 903 809 Tarpeio,

97 813 630 882 mouumentumregnisuinominisque,
640 812 823 880 relinqueret·
834 813 904 863 'l'ar-

98 884 209 953 qninios
218 899 299 952 reges
314 884 424 965 ambos,
444 889 551 967 patrem
566 884 690 966 voyisse3
710 882 800 936 filium
813 880 902 949 perle-

98 952 903 1090 tttd'ettltttttitfltdlttiiltt‘tztzt

99 1109 239 1162 augurare
248 1093 315 1146 tana
324 1093 484 1160 sacellaque
495 1092 612 1151 statuit,
632 1106 703 1161 quae
714 1091 824 1159 aliquot
833 1089 903 1142 ibin

98 1165 276 1233 Tatiorege,
293 1164 414 1232 primum
422 1163 452 1214 in
461 1163 524 1229 ipso
536 1162 696 1214 discrimine
707 1161 840 1215 adversas
850 1160 913 1213 Ro·

98 1235 203 1293 mulum
213 1239 409 1301 pugnaeuota,
426 1231 904 1299 consecratainaugurataquepost·
940 1212 945 1281 Ι

99 1303 269 1356 caruerant.
304 1303 379 1355 luter
394 1302 532 1368 principia
551 1300 689 1352 condendi
708 1299 792 1351 huius
809 1298 903 1368 operis
938 1294 945 1319 ¹

98 1371 219 1424 moriae
232 1386 334 1423 munen
349 1370 388 1425 ad
399 1370 577 1422 indicandam
592 1371 665 1423 tanti
677 1370 790 1437 imperii
799 1369 902 1424 molent

97 1439 221 1493 traditur
231 1437 310 1493 deos:
325 1452 400 1499 nam,
411 1453 493 1506 quum
507 1441 631 1492 omnium
641 1440 810 1493 sacellorum
820 1454 903 1493 exau·

97 1509 262 1578 guntiones
279 1506 460 1561 admitterent
474 1525 553 1574 aves,
571 1511 601 1562 in
616 1510 744 1563 Termini
761 1509 830 1561 fano
847 1524 903 1562 non

99 1579 242 1637 addixere.
276 1577 307 1631 ld
320 1592 402 1633 oman
416 1580 617 1648 auguriumque
635 1581 678 1632 ita
690 1584 837 1649 acceptum
847 1586 903 1645 est3

97 1664 154 1701 non
168 1653 272 1700 motam
285 1649 413 1706 Termini
426 1649 533 1712 sedem,
553 1666 693 1719 unumque
709 1665 772 1702 eum
787 1649 903 1705 deornm
941 1684 944 1699 .

97 1726 152 1771 non
163 1719 440 1771 evocatum-sacratis
449 1719 503 1772 sibi
515 1721 625 1783 linibus,
641 1721 723 1773 firma
733 1720 903 1788 stabiliaque

99 1793 200 1840 cuncta
211 1788 389 1856 portendere.
425 1790 487 1841 Hoc
504 1790 703 1858 perpetuitatis
718 1789 845 1856 auspicio
860 1804 904 1845 ao·

100 1866 191 1925 cepto,
202 1868 328 1911 secutum
339 1858 424 1922 alind,
440 1860 660 1928 magnitudinem
672 1860 783 1928 imperii
793 1864 904 1928 porteu·

99 1929 176 1989 dens,
186 1929 346 1997 prodigium
357 1935 410 1983 est.
447 1931 536 1999 caput
550 1929 699 1983 humanum
708 1930 904 1999 integraiacie

99 1999 903 2134 electiotionem&

99 2137 168 2204 perii
181 2145 317 2204 caputque
328 2106 419 2192 recum
430 2087 492 2192 torpe
501 2087 699 2207 portendgebat:
714 2141 799 2210 idque
809 2141 853 2191 ita
863 2154 904 2192 oe·

99 2207 193 2258 cinere
202 2215 293 2271 vates,
312 2210 414 2278 quique
429 2209 457 2260 in
467 2211 535 2262 urbo
547 2216 640 2274 erant,
662 2226 784 2279 quosque
795 2209 832 2261 ad
841 2223 904 2261 eam

98 2291 157 2328 rem
168 2277 380 2331 consultandam
389 2293 424 2330 ex
435 2279 550 2331 Etruria
560 2281 726 2337 acciverant.
743 2274 906 2348 Augebatur

99 2346 369 2415 adimpensasregis
380 2347 496 2399 animm.
529 2349 627 2417 ltaque
637 2350 801 2406 Pometinae
810 2364 905 2402 manu·

97 2417 175 2481 biae,
196 2434 268 2486 quae
282 2416 458 2485 perducendo
475 2416 511 2468 ad
527 2419 636 2472 culmen
650 2421 730 2488 operi
745 2420 905 2474 destinatae
944 2454 945 2483 q

100 2493 191 2551 erant,
212 2489 260 2540 vix
271 2491 301 2538 in
311 2486 492 2539 fundamenta
502 2489 725 2556 suppeditavere.
761 2488 905 2563 Bomagls

100 2557 198 2621 Fabio,
218 2562 412 2624 praeterquam
422 2557 497 2624 quod
508 2559 649 2628 antiquior
658 2567 710 2624 est,
730 2559 905 2621 crediderim,

100 2627 286 2695 qradraginta
295 2640 328 2677 ea
338 2626 401 2679 sola
409 2627 516 2680 talenta
528 2627 625 2695 luisse,
640 2645 722 2699 quam
732 2629 842 2694 Pisoni3
859 2626 905 2696 qni

100 2696 287 2763 quadraginta
307 2696 398 2750 millis
416 2699 511 2767 pondo
525 2701 634 2770 argenti
653 2700 780 2767 seposita
797 2699 829 2752 in
844 2711 904 2753 eam
