1860 2978
61 162 113 215 nu
219 158 253 209 r.
271 153 376 207 mvu
396 152 439 221 [u
451 151 481 204 e.
493 154 554 219 578.
572 146 689 225 ace:

370 232 689 251 ——-....

64 257 166 311 fiducia
180 271 245 306 mox
259 254 410 321 capiendae
426 251 513 314 arcis,
536 254 678 318 queniam

64 334 171 389 rentur,
182 326 211 376 in
223 326 350 391 exiguam
361 323 394 376 de
406 339 436 374 se
447 322 515 389 ipsis
527 336 610 391 spem
620 334 688 381 vert

65 406 113 450 tur
123 413 159 449 ex
168 409 231 446 arce
242 394 348 444 clanrnr
358 394 392 445 ab
404 392 590 445 Tusculanisz
605 397 689 467 excip

66 476 97 522 to
109 466 216 518 maiore
228 464 263 515 ab
276 464 400 516 exercitu
412 464 548 514 Romanu.
587 464 686 519 Utrim

66 534 174 589 Latini:
195 549 246 586 nec
265 535 386 600 impetus
407 533 651 600 Tusculanorum,
676 538 689 589 r]

67 604 259 670 exsuperium
270 604 343 665 laen,
357 605 508 655 sustinent:
531 618 583 655 nee
596 606 689 661 Romu

66 683 110 729 tes
126 673 238 725 maenia
257 674 460 740 molientesque
479 672 575 725 obices
596 684 689 743 porta

67 748 193 815 possunt.
231 742 320 795 Scalis
341 745 419 810 prius
433 743 545 795 irruenia
560 752 666 811 capta3
686 764 689 799 1

69 815 195 867 claustra
205 820 364 880 pertarum:
387 818 414 864 et
426 828 510 879 quum
523 829 631 881 anceps
643 815 690 868 hor

70 891 99 937 te
117 890 146 936 et
163 900 180 935 a
194 889 275 950 terge
292 889 419 950 urgeret3
440 898 490 934 nee
506 883 685 950 adpugnare

71 954 108 1007 ad
119 953 216 1023 fugam
233 954 290 1005 leci
305 953 452 1019 quiequam
467 960 647 1019 superesset3
670 957 690 1007 ir

72 1024 108 1079 nd
124 1040 210 1075 unum
226 1038 330 1075 omnes.
367 1023 541 1088 Recuperate
559 1022 595 1073 ab
614 1022 690 1079 host,

72 1096 213 1148 exereitus
224 1095 341 1147 Romam
351 1099 393 1144 est
403 1092 546 1143 reductus.
621 1092 624 1097 '

125 1162 254 1216 XXXIV.
275 1164 387 1225 Quanto
403 1161 491 1229 magis
509 1164 661 1230 prosperis
677 1182 690 1221 r

71 1235 225 1302 tranquilla
240 1234 335 1285 omnia
349 1231 418 1283 foris
436 1238 531 1293 erant,
553 1237 639 1285 tanto
657 1237 690 1288 in

71 1313 147 1357 trum
163 1305 193 1357 in
214 1304 274 1355 dies
295 1304 477 1368 miseriaeque
493 1301 586 1367 plebis
604 1320 690 1360 cresc

73 1391 107 1428 eo
124 1376 201 1442 ipsu,
223 1373 298 1440 quod
314 1388 425 1425 necesse
442 1377 501 1421 erat
514 1372 604 1437 seiri,
627 1375 690 1428 faci

72 1444 265 1509 impediretur.
302 1444 406 1508 ltaque,
419 1456 502 1507 quum
512 1442 568 1492 iam
584 1460 620 1496 ex
631 1461 666 1498 re
678 1464 690 1497 n

73 1520 125 1574 set,
146 1511 221 1561 tanna
233 1517 262 1561 et
275 1526 404 1575 corpore,
428 1511 546 1562 iudicati
558 1519 649 1580 atque
663 1532 690 1568 ar

72 1581 181 1634 toribus
199 1578 426 1641 satisfaciebant,
447 1596 595 1648 poenaque
612 1585 645 1635 in
658 1588 690 1637 ri

75 1656 159 1704 serat.
185 1649 261 1700 Adeo
275 1665 341 1717 erge
355 1651 492 1700 obnoxias
503 1652 690 1707 summiseran

74 1719 275 1781 inimieorum,
295 1720 344 1771 sed
356 1720 493 1787 principes
505 1723 592 1772 etiam
606 1725 687 1790 plebi

76 1794 111 1845 de
123 1792 159 1844 ari
171 1791 344 1842 tribunatum
360 1791 480 1841 militum
496 1792 570 1841 inter
582 1798 690 1859 patrici

77 1863 152 1931 qumi
164 1861 288 1924 tantari,
299 1868 330 1912 ut
341 1862 448 1922 liceret,
460 1861 660 1929 tetenderant3
682 1882 690 1917 ε

76 1934 156 1984 beins
171 1932 280 1999 quidem
298 1931 479 1999 magistratus
495 1935 691 1996 capessendos

77 2003 129 2053 ulii
140 2004 200 2053 vira
213 2001 272 2052 arri
283 2002 494 2068 experientique
505 2002 617 2053 animus
630 2020 690 2058 ess<

77 2087 194 2137 nemque
205 2069 336 2132 honoris,
357 2070 483 2136 usurpati
496 2071 583 2121 mode
602 2088 620 2122 a
631 2075 691 2140 piei

77 2155 177 2201 annos,
198 2156 379 2206 recuperasse
389 2142 418 2190 in
429 2147 593 2206 perpetuum
606 2142 691 2197 Patre

77 2209 120 2262 Ne
132 2208 161 2258 id
172 2209 252 2258 nimis
264 2211 369 2260 laetum
381 2211 456 2277 parti
468 2210 553 2262 riiteri
566 2220 654 2276 esset,
676 2230 691 2281 p

78 2294 194 2346 rumque
209 2279 295 2338 solet,
317 2295 376 2329 rem
393 2283 530 2347 ingentem
548 2283 691 2335 moliundi

78 2351 163 2404 uenit.
200 2349 238 2400 Μ.
250 2347 332 2399 Fabii
343 2350 482 2411 Ambusti,
502 2352 628 2417 potentis
640 2354 691 2405 vir:

79 2421 124 2473 sui
140 2420 263 2488 eorporis
278 2416 416 2482 hemines,
434 2427 494 2470 tum
512 2423 598 2471 etiam
615 2424 654 2473 ad
673 2440 691 2491 p

79 2489 290 2560 irarrdquaquam
305 2490 378 2542 inter
394 2490 422 2540 iu
439 2506 524 2557 genus
541 2498 690 2561 contempt

75 2562 168 2630 bantur,
182 2565 260 2618 filiae
273 2563 348 2615 (turre
358 2560 688 2633 nupt-netensmprue

68 2638 99 2690 C.
114 2638 233 2693 Liciuiu
248 2634 372 2692 Stuinni
382 2636 461 2689 erat,
478 2625 590 2675 'biremi
600 2624 691 2684 ‹pribe-

58 2713 203 2786 plebeio:
225 2727 327 2782 eaque
353 2708 422 2766 ipsa
444 2685 674 2750 absentissimus

124 2890 207 2906 ᾧ..
292 2900 296 2905 ,
