1860 2978
281 39 363 73 ,Ιχ

91 134 163 167 ιω.
175 104 226 165 IV.
246 70 288 165 (1ρΑ
297 129 322 165 l’.
331 110 374 165 29.
386 111 428 164 50.
447 110 492 179 [U.
504 111 534 160 C.
546 110 604 162 325.
618 108 647 160 Α.
660 109 690 159 C.
701 106 773 175 lep]
806 103 857 159 261

53 210 180 260 invectus
193 207 302 268 urbem,
325 205 466 257 dictatura
487 221 516 257 se
536 205 684 257 abdicavit.
720 205 859 270 Egregiae

55 279 216 329 dictaturae
227 276 338 326 tristem
350 275 513 325 memoriam
524 274 645 336 faciunt,
666 273 712 340 qui
723 274 812 324 filiurn
825 276 859 325 ab

56 350 88 398 A.
100 346 253 407 Postumio,
268 344 350 412 quod,
367 346 512 396 occasione
522 346 592 396 bene
603 343 744 410 pugnandi
755 350 859 409 captus,
877 345 879 348 ’

57 417 165 467 iniussu
178 415 328 466 decesserit
339 414 487 478 praesidio,
503 415 639 465 victorem
649 414 740 465 securi
751 429 860 478 percus·

57 501 120 537 sum
134 485 257 535 tradunt.
294 484 352 534 Nee
368 484 438 534 libet
454 484 582 545 credere3
604 489 632 536 et
650 483 717 535 licet
730 484 760 533 in
776 483 862 533 variis

58 555 245 622 opinionibus.
281 553 319 602 Et
329 559 492 620 argumento
503 559 555 616 est,
575 553 646 620 quod
657 551 773 622 imperia
785 551 864 605 Man-

57 625 150 686 lr'ana,
168 636 224 672 non
234 621 430 686 Postumiana,
450 624 592 691 appellata
606 624 674 674 sint:
697 638 794 688 quum,
817 622 866 688 qui

56 694 138 762 prior
153 695 251 742 auctor
266 695 324 741 tam
339 691 418 743 saevi
435 694 558 756 exempli
572 692 660 754 foret,
678 698 865 759 occupaturus

55 763 198 828 insignem
208 758 322 809 titulum
332 759 507 811 crudelitatis
517 759 612 814 fuerit.
643 761 789 829 Imperioso
802 777 866 829 quo·

58 848 113 901 que
123 829 233 883 Manlio
245 841 399 894 cognomen
408 827 543 879 inditum:
559 829 718 882 Postumius
729 831 808 882 nulla
818 831 867 882 tri·

58 903 99 953 sti
109 904 180 953 nota
190 904 232 950 est
241 897 402 962 insignitus.
427 898 456 949 C.
468 898 555 948 lulius
566 900 665 949 consul
676 899 772 951 aedem
784 900 867 966 lipol-

57 971 137 1033 llnis,
153 969 267 1021 absente
279 966 396 1035 collega,
415 965 475 1018 sine
486 973 561 1018 sorte
571 966 724 1018 dedicarit:
745 984 828 1033 aegre
836 969 867 1020 id

59 1054 162 1110 passm
172 1036 330 1100 Quinctius,
345 1049 440 1102 quum,
456 1035 571 1087 dimisso
583 1037 718 1097 exercitu,
731 1035 761 1086 in
771 1040 868 1090 urbem

60 1109 193 1170 redisset,
208 1107 394 1175 nequicquam
405 1105 435 1155 in
446 1111 545 1157 senatu
557 1110 602 1157 est
613 1110 791 1171 conquestus.
827 1105 870 1156 ln·

62 1178 137 1247 signi
152 1177 260 1243 magnis
275 1176 359 1227 rebus
374 1189 445 1226 anno
462 1174 588 1238 additur,
608 1173 680 1231 nihil
692 1180 754 1226 tum
764 1174 868 1228 adrem

62 1250 219 1301 Romanam
240 1246 380 1312 pertinere
399 1245 504 1307 nsum,
524 1243 597 1313 qnod
617 1242 869 1311 Carthaginienses,

61 1317 138 1370 tanti
148 1314 243 1367 hostes
253 1314 353 1378 futuri,
366 1319 428 1366 tum
438 1315 555 1382 primum
565 1329 615 1384 per
626 1314 780 1368 seditiones
792 1314 868 1368 Sicu-

54 1388 156 1457 lorum
167 1386 203 1438 ad
211 1386 300 1451 partis
311 1385 426 1439 alterius
438 1386 573 1440 auxilium
588 1386 618 1440 in
628 1384 754 1440 Slciliam
765 1386 869 1440 exerci-

10 1444 19 1533 Ι
61 1456 279 1510 tumtraiecere.

116 1524 207 1578 XXX.
235 1526 380 1592 Agitatum
393 1527 422 1579 in
435 1527 505 1582 urbe
520 1528 555 1582 ab
569 1528 691 1582 tribunis
712 1529 816 1597 plebis,
837 1532 871 1576 ut

62 1596 171 1650 tribuni
181 1595 303 1648 militum
314 1597 456 1650 consulari
472 1604 611 1665 potestate
623 1604 798 1661 crearentur3
818 1612 870 1648 neo

64 1665 187 1719 obtineri
197 1666 300 1733 potuit.
334 1667 468 1719 consules
479 1670 550 1720 liunt
559 1668 593 1722 L.
604 1669 732 1735 Papirius
743 1670 868 1726 crassus,

62 1736 97 1791 L.
113 1735 211 1788 lulius.
246 1738 403 1804 Aequorum
424 1737 513 1806 legati
527 1738 625 1790 foedus
640 1739 674 1789 ab
690 1742 791 1789 senatu
806 1752 869 1786 cum

62 1805 212 1875 petissent,
232 1812 260 1858 et
269 1819 321 1872 pro
331 1805 446 1855 foedere
456 1808 564 1855 deditio
576 1811 774 1865 ostentaretur,
790 1803 859 1853 indu

63 1877 122 1927 tias
138 1888 273 1926 annorum
289 1879 352 1925 octo
366 1873 598 1937 impetraverunt.
634 1871 800 1924 Volscorum
814 1886 869 1934 res,

64 1959 151 2011 super
160 1948 304 2011 acceptam
316 1943 345 1992 in
356 1941 458 2008 Algido
470 1940 586 2005 cladem,
596 1941 734 2009 pertinaci
743 1941 871 1992 certami-

62 2030 101 2066 ne
110 2015 185 2067 inter
199 2013 276 2080 pacis
286 2011 409 2077 bellique
426 2017 554 2063 auctores
564 2011 595 2062 in
608 2011 702 2080 iurgia
716 2017 745 2063 et
756 2010 870 2063 seditio·

62 2099 115 2136 nes
129 2096 219 2135 versa.
256 2081 381 2147 Undique
401 2082 492 2132 otium
512 2081 570 2133 fuit
587 2080 728 2134 Romanis.
764 2080 872 2149 Legem

64 2152 102 2205 de
111 2153 264 2204 multarum
275 2151 472 2204 aestimatione
482 2158 643 2220 pergratam
653 2152 768 2221 populo,
786 2165 872 2219 quum

16 2232 20 2237 '
62 2222 101 2274 ab
111 2223 231 2273 tribunis
246 2221 341 2287 parari
358 2221 486 2273 consules
502 2223 591 2287 unius,
598 2239 633 2274 ex
647 2223 767 2291 collegio
776 2220 871 2290 prodi-

61 2292 145 2345 tione
155 2291 339 2356 excepissent,
349 2291 405 2357 ipsi
414 2296 688 2359 praeoccupaverunt
697 2291 781 2344 ferre.
801 2291 871 2339 Con·

61 2362 143 2417 sules
159 2358 192 2409 L.
208 2358 322 2427 Sergius
331 2361 453 2412 Fidenas
469 2363 585 2423 iterum,
602 2362 710 2413 Hostus
721 2357 871 2410 Lucretius

61 2428 272 2496 Tricipitinus·
293 2426 372 2480 Nihil
384 2430 496 2498 dignuin
506 2430 583 2481 dictu
594 2436 686 2481 actum
695 2426 739 2479 his
752 2425 872 2477 consuli·

61 2503 128 2555 bus.
164 2497 264 2551 Secuti
284 2512 332 2548 eos
348 2500 476 2552 consules
490 2503 521 2552 Α.
538 2499 684 2551 Cornelius
701 2497 816 2557 cossus,
837 2495 871 2545 T.

62 2570 217 2636 Quinctius
229 2567 458 2622 Pennusiternm.
482 2568 613 2621 Veientes
623 2569 653 2617 in
663 2580 761 2632 agrum
771 2564 875 2616 Roma·

62 2658 134 2697 num
146 2639 324 2695 excursiones
334 2636 468 2694 fecerunt.
505 2638 596 2691 Fama
604 2634 681 2701 luit,
698 2634 846 2703 quosdam
856 2641 902 2676 ex
