<?xml version="1.0" encoding="UTF-8"?>
<!DOCTYPE html PUBLIC "-//W3C//DTD XHTML 1.0 Transitional//EN"
    "http://www.w3.org/TR/xhtml1/DTD/xhtml1-transitional.dtd">
<html xmlns="http://www.w3.org/1999/xhtml" xml:lang="en" lang="en">
 <head>
  <title>
</title>
<meta http-equiv="Content-Type" content="text/html;charset=utf-8" />
  <meta name='ocr-system' content='tesseract 3.04.00' />
  <meta name='ocr-capabilities' content='ocr_page ocr_carea ocr_par ocr_line ocrx_word'/>
</head>
<body>
  <div class='ocr_page' id='page_1' title='image "./tliviipatavinih03livigoog_0359.png"; bbox 0 0 1860 2978; ppageno 0'>
   <div class='ocr_carea' id='block_1_1' title="bbox 59 106 835 187">
    <p class='ocr_par' dir='ltr' id='par_1_1' title="bbox 59 106 835 187">
     <span class='ocr_line' id='line_1_1' title="bbox 59 106 835 187; baseline -0.024 -17"><span class='ocrx_word' id='word_1_1' title='bbox 59 115 112 171; x_wconf 74' lang='lat' dir='ltr'>aaa</span> <span class='ocrx_word' id='word_1_2' title='bbox 208 106 714 178; x_wconf 70' lang='lat' dir='ltr'>r.nrv11[n.c.5e4..s.cssa1</span> <span class='ocrx_word' id='word_1_3' title='bbox 762 114 835 187; x_wconf 55' lang='lat'>2:³3</span> 
     </span>
    </p>
   </div>
   <div class='ocr_carea' id='block_1_2' title="bbox 60 280 899 2721">
    <p class='ocr_par' dir='ltr' id='par_1_2' title="bbox 60 280 899 2561">
     <span class='ocr_line' id='line_1_2' title="bbox 61 280 861 337; baseline 0.001 -1"><span class='ocrx_word' id='word_1_4' title='bbox 61 287 154 337; x_wconf 88' lang='lat' dir='ltr'>milius</span> <span class='ocrx_word' id='word_1_5' title='bbox 164 287 275 336; x_wconf 84' lang='lat' dir='ltr'>iterum.</span> <span class='ocrx_word' id='word_1_6' title='bbox 294 284 337 334; x_wconf 87' lang='lat' dir='ltr'>Ex</span> <span class='ocrx_word' id='word_1_7' title='bbox 347 281 390 333; x_wconf 91' lang='lat' dir='ltr'>his</span> <span class='ocrx_word' id='word_1_8' title='bbox 399 282 433 334; x_wconf 86' lang='lat' dir='ltr'>L.</span> <span class='ocrx_word' id='word_1_9' title='bbox 443 282 576 334; x_wconf 87' lang='lat' dir='ltr'>Lucretio</span> <span class='ocrx_word' id='word_1_10' title='bbox 587 288 616 333; x_wconf 83' lang='lat' dir='ltr'>et</span> <span class='ocrx_word' id='word_1_11' title='bbox 625 282 656 334; x_wconf 80' lang='lat' dir='ltr'>c.</span> <span class='ocrx_word' id='word_1_12' title='bbox 664 282 788 335; x_wconf 78' lang='lat' dir='ltr'>Aemilio</span> <span class='ocrx_word' id='word_1_13' title='bbox 795 280 861 337; x_wconf 80' lang='lat' dir='ltr'>vni·</span> 
     </span>
     <span class='ocr_line' id='line_1_3' title="bbox 60 350 861 423; baseline -0.001 -18"><span class='ocrx_word' id='word_1_14' title='bbox 60 357 192 406; x_wconf 81' lang='lat' dir='ltr'>sinieuses</span> <span class='ocrx_word' id='word_1_15' title='bbox 202 352 346 419; x_wconf 80' lang='lat' dir='ltr'>provincia</span> <span class='ocrx_word' id='word_1_16' title='bbox 362 352 465 404; x_wconf 79' lang='lat' dir='ltr'>evenit:</span> <span class='ocrx_word' id='word_1_17' title='bbox 491 351 652 419; x_wconf 82' lang='lat' dir='ltr'>Salpinates</span> <span class='ocrx_word' id='word_1_18' title='bbox 662 350 750 419; x_wconf 71' lang='lat' dir='ltr'>Agrip</span> <span class='ocrx_word' id='word_1_19' title='bbox 776 418 779 423; x_wconf 98' lang='lat'>¹</span> <span class='ocrx_word' id='word_1_20' title='bbox 811 352 861 411; x_wconf 64' lang='lat' dir='ltr'>lis·</span> 
     </span>
     <span class='ocr_line' id='line_1_4' title="bbox 61 419 861 491; baseline -0.004 -15"><span class='ocrx_word' id='word_1_21' title='bbox 61 427 103 477; x_wconf 86' lang='lat' dir='ltr'>rio</span> <span class='ocrx_word' id='word_1_22' title='bbox 119 430 147 474; x_wconf 84' lang='lat' dir='ltr'>et</span> <span class='ocrx_word' id='word_1_23' title='bbox 163 421 221 473; x_wconf 89' lang='lat' dir='ltr'>Ser.</span> <span class='ocrx_word' id='word_1_24' title='bbox 238 420 370 488; x_wconf 89' lang='lat' dir='ltr'>Sulpicio.</span> <span class='ocrx_word' id='word_1_25' title='bbox 405 420 487 471; x_wconf 86' lang='lat' dir='ltr'>Prius</span> <span class='ocrx_word' id='word_1_26' title='bbox 502 436 564 472; x_wconf 87' lang='lat' dir='ltr'>cum</span> <span class='ocrx_word' id='word_1_27' title='bbox 573 419 704 473; x_wconf 82' lang='lat' dir='ltr'>Volsinie</span> <span class='ocrx_word' id='word_1_28' title='bbox 767 438 801 475; x_wconf 82' lang='lat' dir='ltr'>us</span> <span class='ocrx_word' id='word_1_29' title='bbox 816 434 861 491; x_wconf 88' lang='lat' dir='ltr'>pn-</span> 
     </span>
     <span class='ocr_line' id='line_1_5' title="bbox 62 488 896 562; baseline -0.001 -19"><span class='ocrx_word' id='word_1_30' title='bbox 62 495 237 562; x_wconf 82' lang='lat' dir='ltr'>gnatumest.</span> <span class='ocrx_word' id='word_1_31' title='bbox 273 490 384 557; x_wconf 85' lang='lat' dir='ltr'>Bellum</span> <span class='ocrx_word' id='word_1_32' title='bbox 394 488 765 559; x_wconf 75' lang='lat' dir='ltr'>numerabostiumiugeus,</span> <span class='ocrx_word' id='word_1_33' title='bbox 778 498 862 559; x_wconf 70' lang='lat' dir='ltr'>eertu-</span> <span class='ocrx_word' id='word_1_34' title='bbox 893 512 896 517; x_wconf 95' lang='lat'>·</span> 
     </span>
     <span class='ocr_line' id='line_1_6' title="bbox 62 550 862 683; baseline 0.003 -71"><span class='ocrx_word' id='word_1_35' title='bbox 62 563 136 612; x_wconf 78' lang='lat' dir='ltr'>ruine</span> <span class='ocrx_word' id='word_1_36' title='bbox 147 550 220 611; x_wconf 88' lang='lat' dir='ltr'>baud</span> <span class='ocrx_word' id='word_1_37' title='bbox 229 574 296 612; x_wconf 87' lang='lat' dir='ltr'>sane</span> <span class='ocrx_word' id='word_1_38' title='bbox 307 575 435 628; x_wconf 84' lang='lat' dir='ltr'>asperum</span> <span class='ocrx_word' id='word_1_39' title='bbox 445 559 508 610; x_wconf 83' lang='lat' dir='ltr'>luit.</span> <span class='ocrx_word' id='word_1_40' title='bbox 540 558 617 613; x_wconf 79' lang='lat' dir='ltr'>Fusa</span> <span class='ocrx_word' id='word_1_41' title='bbox 626 560 862 683; x_wconf 65' lang='lat' dir='ltr'>cuncursn¹⁵¹prhs</span> 
     </span>
     <span class='ocr_line' id='line_1_7' title="bbox 64 624 861 701; baseline 0.001 -19"><span class='ocrx_word' id='word_1_42' title='bbox 64 633 138 682; x_wconf 84' lang='lat' dir='ltr'>acics</span> <span class='ocrx_word' id='word_1_43' title='bbox 148 631 177 680; x_wconf 90' lang='lat' dir='ltr'>in</span> <span class='ocrx_word' id='word_1_44' title='bbox 189 628 299 699; x_wconf 82' lang='lat' dir='ltr'>fugam:</span> <span class='ocrx_word' id='word_1_45' title='bbox 314 630 405 681; x_wconf 84' lang='lat' dir='ltr'>millia</span> <span class='ocrx_word' id='word_1_46' title='bbox 414 635 481 683; x_wconf 87' lang='lat' dir='ltr'>ectu</span> <span class='ocrx_word' id='word_1_47' title='bbox 492 634 668 681; x_wconf 78' lang='lat' dir='ltr'>armatorum</span> <span class='ocrx_word' id='word_1_48' title='bbox 678 630 716 683; x_wconf 80' lang='lat' dir='ltr'>ub</span> <span class='ocrx_word' id='word_1_49' title='bbox 727 644 763 701; x_wconf 74' lang='lat' dir='ltr'>eq</span> <span class='ocrx_word' id='word_1_50' title='bbox 792 624 861 683; x_wconf 74' lang='lat' dir='ltr'>tibus</span> 
     </span>
     <span class='ocr_line' id='line_1_8' title="bbox 63 694 882 771; baseline 0.001 -19"><span class='ocrx_word' id='word_1_51' title='bbox 63 701 227 763; x_wconf 83' lang='lat' dir='ltr'>interclusa,</span> <span class='ocrx_word' id='word_1_52' title='bbox 247 700 348 767; x_wconf 85' lang='lat' dir='ltr'>positis</span> <span class='ocrx_word' id='word_1_53' title='bbox 365 694 509 769; x_wconf 58' lang='lat' dir='ltr'>armbfllu</span> <span class='ocrx_word' id='word_1_54' title='bbox 530 697 703 751; x_wconf 77' lang='lat' dir='ltr'>deditionem</span> <span class='ocrx_word' id='word_1_55' title='bbox 722 702 859 753; x_wconf 66' lang='lat' dir='ltr'>mm</span> <span class='ocrx_word' id='word_1_56' title='bbox 879 766 882 771; x_wconf 98' lang='lat'>¹</span> 
     </span>
     <span class='ocr_line' id='line_1_9' title="bbox 63 767 881 836; baseline 0.002 -15"><span class='ocrx_word' id='word_1_57' title='bbox 63 772 130 821; x_wconf 77' lang='lat' dir='ltr'>llius</span> <span class='ocrx_word' id='word_1_58' title='bbox 140 769 208 822; x_wconf 85' lang='lat' dir='ltr'>belli</span> <span class='ocrx_word' id='word_1_59' title='bbox 222 767 299 821; x_wconf 76' lang='lat' dir='ltr'>fama</span> <span class='ocrx_word' id='word_1_60' title='bbox 313 768 418 831; x_wconf 83' lang='lat' dir='ltr'>effecit,</span> <span class='ocrx_word' id='word_1_61' title='bbox 439 784 473 820; x_wconf 85' lang='lat' dir='ltr'>ne</span> <span class='ocrx_word' id='word_1_62' title='bbox 489 784 519 820; x_wconf 92' lang='lat' dir='ltr'>se</span> <span class='ocrx_word' id='word_1_63' title='bbox 534 782 646 836; x_wconf 80' lang='lat' dir='ltr'>pugnae</span> <span class='ocrx_word' id='word_1_64' title='bbox 660 770 861 823; x_wconf 66' lang='lat' dir='ltr'>consultant</span> <span class='ocrx_word' id='word_1_65' title='bbox 878 774 881 793; x_wconf 79' lang='lat'><strong>²</strong></span> 
     </span>
     <span class='ocr_line' id='line_1_10' title="bbox 63 836 860 907; baseline -0.001 -15"><span class='ocrx_word' id='word_1_66' title='bbox 63 841 232 906; x_wconf 74' lang='lat' dir='ltr'><strong>Salpinates:</strong></span> <span class='ocrx_word' id='word_1_67' title='bbox 243 839 387 892; x_wconf 84' lang='lat' dir='ltr'>moenibus</span> <span class='ocrx_word' id='word_1_68' title='bbox 399 836 501 890; x_wconf 85' lang='lat' dir='ltr'>urmnti</span> <span class='ocrx_word' id='word_1_69' title='bbox 511 854 542 890; x_wconf 89' lang='lat' dir='ltr'>sc</span> <span class='ocrx_word' id='word_1_70' title='bbox 551 838 726 907; x_wconf 78' lang='lat' dir='ltr'>tutabantur.</span> <span class='ocrx_word' id='word_1_71' title='bbox 734 840 739 849; x_wconf 93' lang='lat'>&#39;</span> <span class='ocrx_word' id='word_1_72' title='bbox 747 836 860 897; x_wconf 77' lang='lat' dir='ltr'>liuntrl</span> 
     </span>
     <span class='ocr_line' id='line_1_11' title="bbox 62 906 858 977; baseline 0.003 -18"><span class='ocrx_word' id='word_1_73' title='bbox 62 909 295 976; x_wconf 79' lang='lat' dir='ltr'>praedaspassim</span> <span class='ocrx_word' id='word_1_74' title='bbox 306 914 335 960; x_wconf 87' lang='lat' dir='ltr'>et</span> <span class='ocrx_word' id='word_1_75' title='bbox 344 924 379 960; x_wconf 85' lang='lat' dir='ltr'>ex</span> <span class='ocrx_word' id='word_1_76' title='bbox 389 906 528 977; x_wconf 76' lang='lat' dir='ltr'>salpinati</span> <span class='ocrx_word' id='word_1_77' title='bbox 538 922 616 975; x_wconf 82' lang='lat' dir='ltr'>agro,</span> <span class='ocrx_word' id='word_1_78' title='bbox 626 914 659 961; x_wconf 83' lang='lat' dir='ltr'>et</span> <span class='ocrx_word' id='word_1_79' title='bbox 666 924 704 977; x_wconf 79' lang='lat' dir='ltr'>ex</span> <span class='ocrx_word' id='word_1_80' title='bbox 711 908 858 961; x_wconf 58' lang='lat' dir='ltr'>Vulslnlu*</span> 
     </span>
     <span class='ocr_line' id='line_1_12' title="bbox 63 976 872 1047; baseline 0.004 -18"><span class='ocrx_word' id='word_1_81' title='bbox 63 980 95 1041; x_wconf 79' lang='lat' dir='ltr'>si,</span> <span class='ocrx_word' id='word_1_82' title='bbox 106 979 182 1028; x_wconf 87' lang='lat' dir='ltr'>nullo</span> <span class='ocrx_word' id='word_1_83' title='bbox 193 993 254 1029; x_wconf 79' lang='lat' dir='ltr'>eum</span> <span class='ocrx_word' id='word_1_84' title='bbox 264 980 320 1029; x_wconf 84' lang='lat' dir='ltr'>vim</span> <span class='ocrx_word' id='word_1_85' title='bbox 332 984 454 1043; x_wconf 77' lang='lat' dir='ltr'>arcente,</span> <span class='ocrx_word' id='word_1_86' title='bbox 465 984 593 1047; x_wconf 80' lang='lat' dir='ltr'>egerunt:</span> <span class='ocrx_word' id='word_1_87' title='bbox 609 976 702 1041; x_wconf 72' lang='lat' dir='ltr'>donec</span> <span class='ocrx_word' id='word_1_88' title='bbox 709 976 872 1031; x_wconf 66' lang='lat' dir='ltr'>volentes·-</span> 
     </span>
     <span class='ocr_line' id='line_1_13' title="bbox 63 1046 873 1117; baseline 0.005 -19"><span class='ocrx_word' id='word_1_89' title='bbox 63 1049 139 1099; x_wconf 86' lang='lat' dir='ltr'>sibus</span> <span class='ocrx_word' id='word_1_90' title='bbox 151 1047 234 1099; x_wconf 84' lang='lat' dir='ltr'>fessis</span> <span class='ocrx_word' id='word_1_91' title='bbox 244 1048 320 1101; x_wconf 90' lang='lat' dir='ltr'>bellu</span> <span class='ocrx_word' id='word_1_92' title='bbox 332 1065 365 1102; x_wconf 85' lang='lat' dir='ltr'>es</span> <span class='ocrx_word' id='word_1_93' title='bbox 375 1049 544 1112; x_wconf 84' lang='lat' dir='ltr'>conditione,</span> <span class='ocrx_word' id='word_1_94' title='bbox 554 1054 642 1101; x_wconf 84' lang='lat' dir='ltr'>utres</span> <span class='ocrx_word' id='word_1_95' title='bbox 651 1046 758 1117; x_wconf 79' lang='lat' dir='ltr'>populu</span> <span class='ocrx_word' id='word_1_96' title='bbox 767 1046 873 1107; x_wconf 66' lang='grc' dir='ltr'>Μ’</span> 
     </span>
     <span class='ocr_line' id='line_1_14' title="bbox 63 1117 859 1188; baseline 0.005 -20"><span class='ocrx_word' id='word_1_97' title='bbox 63 1135 98 1168; x_wconf 84' lang='lat' dir='ltr'>nu</span> <span class='ocrx_word' id='word_1_98' title='bbox 109 1117 265 1182; x_wconf 80' lang='lat' dir='ltr'>redderent,</span> <span class='ocrx_word' id='word_1_99' title='bbox 275 1118 497 1188; x_wconf 73' lang='lat' dir='ltr'>stipendiumque</span> <span class='ocrx_word' id='word_1_100' title='bbox 506 1118 566 1171; x_wconf 84' lang='lat' dir='ltr'>eius</span> <span class='ocrx_word' id='word_1_101' title='bbox 575 1118 859 1187; x_wconf 72' lang='lat' dir='ltr'>annuerutntpns</span> 
     </span>
     <span class='ocr_line' id='line_1_15' title="bbox 63 1182 892 1255; baseline 0.006 -17"><span class='ocrx_word' id='word_1_102' title='bbox 63 1194 179 1250; x_wconf 85' lang='lat' dir='ltr'>starent,</span> <span class='ocrx_word' id='word_1_103' title='bbox 189 1189 218 1238; x_wconf 93' lang='lat' dir='ltr'>iu</span> <span class='ocrx_word' id='word_1_104' title='bbox 228 1188 326 1255; x_wconf 73' lang='lat' dir='ltr'>viginti</span> <span class='ocrx_word' id='word_1_105' title='bbox 336 1206 424 1241; x_wconf 82' lang='lat' dir='ltr'>annas</span> <span class='ocrx_word' id='word_1_106' title='bbox 433 1186 558 1241; x_wconf 82' lang='lat' dir='ltr'>indutiae</span> <span class='ocrx_word' id='word_1_107' title='bbox 566 1186 661 1241; x_wconf 68' lang='lat' dir='ltr'>datae.</span> <span class='ocrx_word' id='word_1_108' title='bbox 679 1182 871 1255; x_wconf 51' lang='lat' dir='ltr'>Eodem&#39;uq,</span> <span class='ocrx_word' id='word_1_109' title='bbox 888 1198 892 1205; x_wconf 92' lang='grc'><strong>’</strong></span> 
     </span>
     <span class='ocr_line' id='line_1_16' title="bbox 63 1257 841 1329; baseline 0.003 -22"><span class='ocrx_word' id='word_1_110' title='bbox 63 1257 102 1309; x_wconf 90' lang='grc' dir='ltr'>Μ.</span> <span class='ocrx_word' id='word_1_111' title='bbox 115 1258 259 1309; x_wconf 78' lang='lat' dir='ltr'>Caedicius</span> <span class='ocrx_word' id='word_1_112' title='bbox 271 1257 306 1310; x_wconf 89' lang='lat' dir='ltr'>de</span> <span class='ocrx_word' id='word_1_113' title='bbox 317 1259 398 1325; x_wconf 80' lang='lat' dir='ltr'>plebe</span> <span class='ocrx_word' id='word_1_114' title='bbox 407 1258 545 1311; x_wconf 75' lang='lat' dir='ltr'>nuntiarit</span> <span class='ocrx_word' id='word_1_115' title='bbox 552 1257 688 1322; x_wconf 86' lang='lat' dir='ltr'>tribunis,</span> <span class='ocrx_word' id='word_1_116' title='bbox 707 1258 780 1329; x_wconf 74' lang='lat' dir='ltr'>se&#39;in</span> <span class='ocrx_word' id='word_1_117' title='bbox 838 1322 841 1327; x_wconf 97' lang='lat'>¹</span> 
     </span>
     <span class='ocr_line' id='line_1_17' title="bbox 64 1320 892 1395; baseline 0.007 -20"><span class='ocrx_word' id='word_1_118' title='bbox 64 1327 119 1388; x_wconf 81' lang='lat' dir='ltr'>via,</span> <span class='ocrx_word' id='word_1_119' title='bbox 133 1327 404 1380; x_wconf 86' lang='lat' dir='ltr'>ubinuncsaccllum</span> <span class='ocrx_word' id='word_1_120' title='bbox 416 1333 468 1391; x_wconf 87' lang='lat' dir='ltr'>cst,</span> <span class='ocrx_word' id='word_1_121' title='bbox 487 1341 572 1395; x_wconf 83' lang='lat' dir='ltr'>supra</span> <span class='ocrx_word' id='word_1_122' title='bbox 581 1326 681 1393; x_wconf 77' lang='lat' dir='ltr'>aedem</span> <span class='ocrx_word' id='word_1_123' title='bbox 688 1320 865 1395; x_wconf 56' lang='lat' dir='ltr'>Vama-nin</span> <span class='ocrx_word' id='word_1_124' title='bbox 885 1366 892 1381; x_wconf 49' lang='lat' dir='ltr'>t</span> 
     </span>
     <span class='ocr_line' id='line_1_18' title="bbox 64 1394 883 1462; baseline 0.006 -16"><span class='ocrx_word' id='word_1_125' title='bbox 64 1411 121 1446; x_wconf 88' lang='lat' dir='ltr'>cem</span> <span class='ocrx_word' id='word_1_126' title='bbox 133 1397 224 1447; x_wconf 86' lang='lat' dir='ltr'>nactis</span> <span class='ocrx_word' id='word_1_127' title='bbox 234 1397 347 1449; x_wconf 87' lang='lat' dir='ltr'>silentio</span> <span class='ocrx_word' id='word_1_128' title='bbox 359 1396 471 1449; x_wconf 86' lang='lat' dir='ltr'>audisse</span> <span class='ocrx_word' id='word_1_129' title='bbox 481 1396 628 1449; x_wconf 83' lang='lat' dir='ltr'>clariorem</span> <span class='ocrx_word' id='word_1_130' title='bbox 638 1394 780 1462; x_wconf 76' lang='lat' dir='ltr'>humans,¹</span> <span class='ocrx_word' id='word_1_131' title='bbox 879 1404 883 1411; x_wconf 91' lang='lat'>&#39;</span> 
     </span>
     <span class='ocr_line' id='line_1_19' title="bbox 63 1404 859 1531; baseline 0.011 -18"><span class='ocrx_word' id='word_1_132' title='bbox 63 1466 275 1531; x_wconf 79' lang='lat' dir='ltr'>magistratibus</span> <span class='ocrx_word' id='word_1_133' title='bbox 286 1467 341 1518; x_wconf 88' lang='lat' dir='ltr'>dici</span> <span class='ocrx_word' id='word_1_134' title='bbox 352 1468 470 1529; x_wconf 85' lang='lat' dir='ltr'>iuberet,</span> <span class='ocrx_word' id='word_1_135' title='bbox 482 1466 580 1518; x_wconf 86' lang='lat' dir='ltr'>Gallos</span> <span class='ocrx_word' id='word_1_136' title='bbox 591 1464 754 1521; x_wconf 77' lang='lat' dir='ltr'>adventare.</span> <span class='ocrx_word' id='word_1_137' title='bbox 788 1404 859 1529; x_wconf 47' lang='grc' dir='ltr'>ᾖ</span> 
     </span>
     <span class='ocr_line' id='line_1_20' title="bbox 63 1530 876 1605; baseline 0.004 -21"><span class='ocrx_word' id='word_1_138' title='bbox 63 1535 108 1595; x_wconf 89' lang='lat' dir='ltr'>lit,</span> <span class='ocrx_word' id='word_1_139' title='bbox 126 1541 239 1600; x_wconf 84' lang='lat' dir='ltr'>propter</span> <span class='ocrx_word' id='word_1_140' title='bbox 252 1537 373 1586; x_wconf 83' lang='lat' dir='ltr'>auctoris</span> <span class='ocrx_word' id='word_1_141' title='bbox 385 1534 572 1589; x_wconf 83' lang='lat' dir='ltr'>humilitatem</span> <span class='ocrx_word' id='word_1_142' title='bbox 586 1542 727 1602; x_wconf 70' lang='lat' dir='ltr'>spretum,⁴</span> <span class='ocrx_word' id='word_1_143' title='bbox 747 1542 779 1589; x_wconf 84' lang='lat' dir='ltr'>et</span> <span class='ocrx_word' id='word_1_144' title='bbox 792 1530 876 1605; x_wconf 55' lang='lat' dir='ltr'>quud*</span> 
     </span>
     <span class='ocr_line' id='line_1_21' title="bbox 63 1604 857 1673; baseline 0.009 -18"><span class='ocrx_word' id='word_1_145' title='bbox 63 1604 222 1670; x_wconf 81' lang='lat' dir='ltr'>longinqua,</span> <span class='ocrx_word' id='word_1_146' title='bbox 235 1616 323 1672; x_wconf 89' lang='lat' dir='ltr'>eoque</span> <span class='ocrx_word' id='word_1_147' title='bbox 332 1605 464 1671; x_wconf 82' lang='lat' dir='ltr'>ignotior,</span> <span class='ocrx_word' id='word_1_148' title='bbox 474 1621 542 1673; x_wconf 82' lang='lat' dir='ltr'>gens</span> <span class='ocrx_word' id='word_1_149' title='bbox 553 1610 622 1659; x_wconf 83' lang='lat' dir='ltr'>crat.</span> <span class='ocrx_word' id='word_1_150' title='bbox 642 1605 687 1657; x_wconf 87' lang='lat' dir='ltr'>Nc</span> <span class='ocrx_word' id='word_1_151' title='bbox 706 1606 857 1673; x_wconf 68' lang='lat' dir='ltr'>undenn-</span> 
     </span>
     <span class='ocr_line' id='line_1_22' title="bbox 62 1622 857 1743; baseline 0.006 -19"><span class='ocrx_word' id='word_1_152' title='bbox 62 1671 144 1724; x_wconf 90' lang='lat' dir='ltr'>mcdo</span> <span class='ocrx_word' id='word_1_153' title='bbox 155 1674 269 1736; x_wconf 71' lang='lat' dir='ltr'>aaronita,</span> <span class='ocrx_word' id='word_1_154' title='bbox 285 1675 430 1743; x_wconf 82' lang='lat' dir='ltr'>ingruente</span> <span class='ocrx_word' id='word_1_155' title='bbox 439 1673 508 1739; x_wconf 83' lang='lat' dir='ltr'>lato,</span> <span class='ocrx_word' id='word_1_156' title='bbox 529 1681 634 1743; x_wconf 82' lang='lat' dir='ltr'>spreta3</span> <span class='ocrx_word' id='word_1_157' title='bbox 655 1622 707 1728; x_wconf 51' lang='lat' dir='ltr'>sea</span> <span class='ocrx_word' id='word_1_158' title='bbox 718 1672 857 1729; x_wconf 71' lang='lat' dir='ltr'>tunsus·</span> 
     </span>
     <span class='ocr_line' id='line_1_23' title="bbox 63 1742 858 1812; baseline 0.006 -19"><span class='ocrx_word' id='word_1_159' title='bbox 63 1758 171 1809; x_wconf 87' lang='lat' dir='ltr'>quoque</span> <span class='ocrx_word' id='word_1_160' title='bbox 192 1758 284 1809; x_wconf 88' lang='lat' dir='ltr'>opem,</span> <span class='ocrx_word' id='word_1_161' title='bbox 304 1760 373 1812; x_wconf 86' lang='lat' dir='ltr'>quae</span> <span class='ocrx_word' id='word_1_162' title='bbox 392 1761 448 1796; x_wconf 87' lang='lat' dir='ltr'>una</span> <span class='ocrx_word' id='word_1_163' title='bbox 469 1752 541 1809; x_wconf 88' lang='lat' dir='ltr'>erat,</span> <span class='ocrx_word' id='word_1_164' title='bbox 560 1744 599 1797; x_wconf 90' lang='lat' dir='ltr'>M.</span> <span class='ocrx_word' id='word_1_165' title='bbox 615 1744 733 1796; x_wconf 82' lang='lat' dir='ltr'>Furium</span> <span class='ocrx_word' id='word_1_166' title='bbox 748 1745 784 1798; x_wconf 75' lang='lat' dir='ltr'>ab</span> <span class='ocrx_word' id='word_1_167' title='bbox 798 1742 858 1797; x_wconf 63' lang='lat' dir='ltr'>urbs</span> 
     </span>
     <span class='ocr_line' id='line_1_24' title="bbox 63 1810 858 1883; baseline 0.006 -20"><span class='ocrx_word' id='word_1_168' title='bbox 63 1829 202 1864; x_wconf 68' lang='lat' dir='ltr'>tinnovere:</span> <span class='ocrx_word' id='word_1_169' title='bbox 215 1814 270 1880; x_wconf 89' lang='lat' dir='ltr'>qui,</span> <span class='ocrx_word' id='word_1_170' title='bbox 283 1813 327 1867; x_wconf 87' lang='lat' dir='ltr'>dic</span> <span class='ocrx_word' id='word_1_171' title='bbox 338 1814 414 1866; x_wconf 84' lang='lat' dir='ltr'>dicta</span> <span class='ocrx_word' id='word_1_172' title='bbox 425 1816 459 1866; x_wconf 83' lang='lat' dir='ltr'>ab</span> <span class='ocrx_word' id='word_1_173' title='bbox 467 1814 642 1881; x_wconf 85' lang='lat' dir='ltr'>L.Appulei0</span> <span class='ocrx_word' id='word_1_174' title='bbox 653 1810 858 1883; x_wconf 81' lang='lat' dir='ltr'>tribunoplebis</span> 
     </span>
     <span class='ocr_line' id='line_1_25' title="bbox 63 1882 858 1953; baseline 0.005 -21"><span class='ocrx_word' id='word_1_175' title='bbox 63 1889 177 1952; x_wconf 88' lang='lat' dir='ltr'>propter</span> <span class='ocrx_word' id='word_1_176' title='bbox 198 1883 330 1951; x_wconf 83' lang='lat' dir='ltr'>praedam</span> <span class='ocrx_word' id='word_1_177' title='bbox 348 1883 546 1948; x_wconf 73' lang='lat' dir='ltr'>Veientanam,</span> <span class='ocrx_word' id='word_1_178' title='bbox 567 1885 626 1935; x_wconf 85' lang='lat' dir='ltr'>tilio</span> <span class='ocrx_word' id='word_1_179' title='bbox 646 1900 759 1952; x_wconf 87' lang='lat' dir='ltr'>quoque</span> <span class='ocrx_word' id='word_1_180' title='bbox 773 1882 858 1953; x_wconf 64' lang='lat' dir='ltr'>adnle-</span> 
     </span>
     <span class='ocr_line' id='line_1_26' title="bbox 63 1930 899 2029; baseline 0.005 -27"><span class='ocrx_word' id='word_1_181' title='bbox 63 1961 156 2005; x_wconf 81' lang='lat' dir='ltr'>scente</span> <span class='ocrx_word' id='word_1_182' title='bbox 166 1968 215 2020; x_wconf 83' lang='lat' dir='ltr'>per</span> <span class='ocrx_word' id='word_1_183' title='bbox 226 1954 299 2005; x_wconf 89' lang='lat' dir='ltr'>idem</span> <span class='ocrx_word' id='word_1_184' title='bbox 315 1961 423 2020; x_wconf 86' lang='lat' dir='ltr'>tempus</span> <span class='ocrx_word' id='word_1_185' title='bbox 436 1957 565 2017; x_wconf 85' lang='lat' dir='ltr'>orbatus,</span> <span class='ocrx_word' id='word_1_186' title='bbox 586 1969 686 2020; x_wconf 90' lang='lat' dir='ltr'>quum,</span> <span class='ocrx_word' id='word_1_187' title='bbox 708 1952 857 2006; x_wconf 73' lang='lat' dir='ltr'>accitibde·</span> <span class='ocrx_word' id='word_1_188' title='bbox 892 1930 899 2029; x_wconf 66' lang='lat' dir='ltr'>J</span> 
     </span>
     <span class='ocr_line' id='line_1_27' title="bbox 63 2020 858 2092; baseline 0.006 -22"><span class='ocrx_word' id='word_1_189' title='bbox 63 2038 136 2072; x_wconf 80' lang='lat' dir='ltr'>snum</span> <span class='ocrx_word' id='word_1_190' title='bbox 152 2024 300 2075; x_wconf 86' lang='lat' dir='ltr'>tribulibus</span> <span class='ocrx_word' id='word_1_191' title='bbox 307 2024 531 2092; x_wconf 68' lang='lat' dir='ltr'>clientibusque,</span> <span class='ocrx_word' id='word_1_192' title='bbox 556 2027 670 2090; x_wconf 82' lang='lat' dir='ltr'>(magua</span> <span class='ocrx_word' id='word_1_193' title='bbox 689 2038 756 2090; x_wconf 88' lang='lat' dir='ltr'>pars</span> <span class='ocrx_word' id='word_1_194' title='bbox 777 2020 858 2091; x_wconf 76' lang='lat' dir='ltr'>plebis</span> 
     </span>
     <span class='ocr_line' id='line_1_28' title="bbox 63 2091 859 2159; baseline 0.008 -20"><span class='ocrx_word' id='word_1_195' title='bbox 63 2095 135 2154; x_wconf 83' lang='lat' dir='ltr'>crat)</span> <span class='ocrx_word' id='word_1_196' title='bbox 155 2100 349 2157; x_wconf 85' lang='lat' dir='ltr'>percunctatus</span> <span class='ocrx_word' id='word_1_197' title='bbox 360 2095 467 2145; x_wconf 82' lang='lat' dir='ltr'>animus</span> <span class='ocrx_word' id='word_1_198' title='bbox 479 2109 589 2156; x_wconf 88' lang='lat' dir='ltr'>eurum,</span> <span class='ocrx_word' id='word_1_199' title='bbox 608 2108 776 2159; x_wconf 87' lang='lat' dir='ltr'>responsum</span> <span class='ocrx_word' id='word_1_200' title='bbox 788 2091 859 2145; x_wconf 71' lang='lat' dir='ltr'>tulis·</span> 
     </span>
     <span class='ocr_line' id='line_1_29' title="bbox 63 2163 858 2229; baseline 0.011 -21"><span class='ocrx_word' id='word_1_201' title='bbox 63 2165 116 2221; x_wconf 86' lang='lat' dir='ltr'>set,</span> <span class='ocrx_word' id='word_1_202' title='bbox 136 2177 163 2210; x_wconf 81' lang='lat' dir='ltr'>se</span> <span class='ocrx_word' id='word_1_203' title='bbox 175 2163 334 2226; x_wconf 79' lang='lat' dir='ltr'>collaturos,</span> <span class='ocrx_word' id='word_1_204' title='bbox 355 2163 450 2229; x_wconf 74' lang='lat' dir='ltr'>quanti</span> <span class='ocrx_word' id='word_1_205' title='bbox 466 2164 711 2226; x_wconf 66' lang='lat' dir='ltr'>darnnatnsesset,</span> <span class='ocrx_word' id='word_1_206' title='bbox 729 2163 858 2217; x_wconf 71' lang='lat' dir='ltr'>abarim</span> 
     </span>
     <span class='ocr_line' id='line_1_30' title="bbox 63 2231 849 2299; baseline 0.005 -20"><span class='ocrx_word' id='word_1_207' title='bbox 63 2245 120 2279; x_wconf 72' lang='lat' dir='ltr'>curn</span> <span class='ocrx_word' id='word_1_208' title='bbox 131 2245 182 2280; x_wconf 83' lang='lat' dir='ltr'>non</span> <span class='ocrx_word' id='word_1_209' title='bbox 192 2245 275 2295; x_wconf 80' lang='lat' dir='ltr'>passe,</span> <span class='ocrx_word' id='word_1_210' title='bbox 286 2233 314 2283; x_wconf 90' lang='lat' dir='ltr'>in</span> <span class='ocrx_word' id='word_1_211' title='bbox 325 2233 454 2284; x_wconf 85' lang='lat' dir='ltr'>exsilium</span> <span class='ocrx_word' id='word_1_212' title='bbox 465 2233 548 2284; x_wconf 87' lang='lat' dir='ltr'>abiit:</span> <span class='ocrx_word' id='word_1_213' title='bbox 564 2239 695 2299; x_wconf 82' lang='lat' dir='ltr'>precatus</span> <span class='ocrx_word' id='word_1_214' title='bbox 706 2231 742 2283; x_wconf 83' lang='lat' dir='ltr'>ab</span> <span class='ocrx_word' id='word_1_215' title='bbox 753 2232 849 2285; x_wconf 74' lang='lat' dir='ltr'>diisi!</span> 
     </span>
     <span class='ocr_line' id='line_1_31' title="bbox 63 2297 859 2383; baseline 0.013 -36"><span class='ocrx_word' id='word_1_216' title='bbox 63 2297 242 2360; x_wconf 63' lang='lat' dir='ltr'>inormibus,</span> <span class='ocrx_word' id='word_1_217' title='bbox 264 2300 288 2351; x_wconf 86' lang='lat' dir='ltr'>si</span> <span class='ocrx_word' id='word_1_218' title='bbox 303 2302 413 2353; x_wconf 78' lang='lat' dir='ltr'>inrroxio</span> <span class='ocrx_word' id='word_1_219' title='bbox 428 2303 478 2354; x_wconf 82' lang='lat' dir='ltr'>sibi</span> <span class='ocrx_word' id='word_1_220' title='bbox 494 2321 524 2354; x_wconf 83' lang='lat' dir='ltr'>ea</span> <span class='ocrx_word' id='word_1_221' title='bbox 542 2302 646 2355; x_wconf 77' lang='lat' dir='ltr'>iniuria</span> <span class='ocrx_word' id='word_1_222' title='bbox 653 2300 759 2383; x_wconf 68' lang='lat' dir='ltr'>fieret,</span> <span class='ocrx_word' id='word_1_223' title='bbox 773 2300 859 2373; x_wconf 68' lang='lat' dir='ltr'>prm</span> 
     </span>
     <span class='ocr_line' id='line_1_32' title="bbox 63 2370 897 2446; baseline 0.014 -29"><span class='ocrx_word' id='word_1_224' title='bbox 63 2384 164 2435; x_wconf 80' lang='lat' dir='ltr'>quoquc</span> <span class='ocrx_word' id='word_1_225' title='bbox 179 2377 295 2436; x_wconf 80' lang='lat' dir='ltr'>tempore</span> <span class='ocrx_word' id='word_1_226' title='bbox 306 2370 463 2424; x_wconf 82' lang='lat' dir='ltr'>desiderium</span> <span class='ocrx_word' id='word_1_227' title='bbox 473 2371 517 2423; x_wconf 79' lang='lat' dir='ltr'>sui</span> <span class='ocrx_word' id='word_1_228' title='bbox 530 2371 639 2424; x_wconf 76' lang='lat' dir='ltr'>civitati</span> <span class='ocrx_word' id='word_1_229' title='bbox 648 2376 782 2442; x_wconf 68' lang='lat' dir='ltr'>angustas</span> <span class='ocrx_word' id='word_1_230' title='bbox 790 2370 859 2446; x_wconf 72' lang='lat' dir='ltr'>scu·</span> <span class='ocrx_word' id='word_1_231' title='bbox 893 2410 897 2429; x_wconf 73' lang='grc'>;</span> 
     </span>
     <span class='ocr_line' id='line_1_33' title="bbox 61 2432 898 2509; baseline 0.005 -22"><span class='ocrx_word' id='word_1_232' title='bbox 61 2448 131 2491; x_wconf 80' lang='lat' dir='ltr'>rent.</span> <span class='ocrx_word' id='word_1_233' title='bbox 168 2440 272 2492; x_wconf 82' lang='lat' dir='ltr'>Absens</span> <span class='ocrx_word' id='word_1_234' title='bbox 292 2439 447 2509; x_wconf 84' lang='lat' dir='ltr'>quindecim</span> <span class='ocrx_word' id='word_1_235' title='bbox 468 2441 590 2493; x_wconf 85' lang='lat' dir='ltr'>millibus</span> <span class='ocrx_word' id='word_1_236' title='bbox 613 2442 710 2509; x_wconf 71' lang='lat' dir='ltr'>grauis</span> <span class='ocrx_word' id='word_1_237' title='bbox 730 2442 805 2495; x_wconf 77' lang='lat' dir='ltr'>aeris</span> <span class='ocrx_word' id='word_1_238' title='bbox 819 2438 859 2491; x_wconf 72' lang='lat' dir='ltr'>ds·</span> <span class='ocrx_word' id='word_1_239' title='bbox 894 2432 898 2461; x_wconf 81' lang='lat'><strong>¹</strong></span> 
     </span>
     <span class='ocr_line' id='line_1_34' title="bbox 61 2517 180 2561; baseline 0.042 -5"><span class='ocrx_word' id='word_1_240' title='bbox 61 2517 180 2561; x_wconf 76' lang='lat' dir='ltr'>iuuatur.</span> 
     </span>
    </p>

    <p class='ocr_par' dir='ltr' id='par_1_3' title="bbox 62 2578 857 2721">
     <span class='ocr_line' id='line_1_35' title="bbox 114 2578 857 2651; baseline 0.004 -23"><span class='ocrx_word' id='word_1_241' title='bbox 114 2579 239 2630; x_wconf 80' lang='lat' dir='ltr'>xxxiii.</span> <span class='ocrx_word' id='word_1_242' title='bbox 259 2578 383 2646; x_wconf 78' lang='lat' dir='ltr'>Expulso</span> <span class='ocrx_word' id='word_1_243' title='bbox 396 2579 463 2641; x_wconf 71' lang='lat' dir='ltr'>circ,</span> <span class='ocrx_word' id='word_1_244' title='bbox 473 2597 527 2647; x_wconf 86' lang='lat' dir='ltr'>quc</span> <span class='ocrx_word' id='word_1_245' title='bbox 538 2588 675 2644; x_wconf 84' lang='lat' dir='ltr'>manente,</span> <span class='ocrx_word' id='word_1_246' title='bbox 687 2582 857 2651; x_wconf 73' lang='lat' dir='ltr'>siquicquu·</span> 
     </span>
     <span class='ocr_line' id='line_1_36' title="bbox 62 2644 857 2721; baseline 0.015 -30"><span class='ocrx_word' id='word_1_247' title='bbox 62 2644 242 2700; x_wconf 69' lang='lat' dir='ltr'>liuruarmrum</span> <span class='ocrx_word' id='word_1_248' title='bbox 257 2650 326 2702; x_wconf 89' lang='lat' dir='ltr'>ccrti</span> <span class='ocrx_word' id='word_1_249' title='bbox 337 2652 391 2712; x_wconf 83' lang='lat' dir='ltr'>est,</span> <span class='ocrx_word' id='word_1_250' title='bbox 415 2651 474 2718; x_wconf 81' lang='lat' dir='ltr'>capi</span> <span class='ocrx_word' id='word_1_251' title='bbox 487 2652 576 2703; x_wconf 85' lang='lat' dir='ltr'>Roma</span> <span class='ocrx_word' id='word_1_252' title='bbox 586 2667 640 2704; x_wconf 88' lang='lat' dir='ltr'>nou</span> <span class='ocrx_word' id='word_1_253' title='bbox 650 2656 799 2721; x_wconf 78' lang='lat' dir='ltr'>potuerut3</span> <span class='ocrx_word' id='word_1_254' title='bbox 817 2645 857 2703; x_wconf 67' lang='lat' dir='ltr'>nd·</span> 
     </span>
    </p>
   </div>
   <div class='ocr_carea' id='block_1_3' title="bbox 0 0 935 2978">
    <p class='ocr_par' dir='ltr' id='par_1_4' title="bbox 0 0 935 2978">
     <span class='ocr_line' id='line_1_37' title="bbox 0 0 935 2978; baseline 0 0"><span class='ocrx_word' id='word_1_255' title='bbox 0 0 935 2978; x_wconf 95' lang='lat' dir='ltr'> </span> 
     </span>
    </p>
   </div>
  </div>
 </body>
</html>
