1860 2978
86 180 169 232 LlB.
179 179 201 231 l.
221 178 304 230 CAP.
314 177 357 230 57.
368 177 411 232 58.
431 179 475 247 [U.
488 181 518 231 C.
530 199 588 232 220.
606 181 639 231 A.
651 180 679 232 C.
687 183 755 249 552]

30 286 72 355 qis,
82 298 168 352 quam
178 282 326 334 militibus.
346 282 427 350 liegii
437 283 549 348 quidem
559 284 672 334 iuvenes
684 285 786 336 interdi

30 354 108 408 »tium
119 351 257 404 consitiis
269 352 568 418 conrissetionibusque
574 353 648 404 inter
653 370 682 405 se
687 356 791 406 terebat

30 423 106 476 i'orte
116 421 284 490 potentibus
296 420 340 472 his
356 422 428 488 apud
441 420 504 472 Sex.
516 422 715 488 Tarquinium,
736 424 785 474 ubi

30 492 179 547 :elisimus
191 492 327 544 coenabat
337 492 512 558 Tarquinius,
525 491 621 559 Egerii
631 493 713 554 tilius,
724 493 801 545 incid

30 562 53 615 le
61 561 203 615 uxoribus
214 561 333 613 mentio:
344 577 421 612 suam
432 562 548 630 quisque
559 561 674 613 laudare
680 563 760 615 miris
766 578 807 614 mc

30 631 71 684 iis.
108 630 179 683 lnde
191 631 343 684 certamine
354 646 478 694 accenso,
493 631 649 682 Collatinus
660 637 751 699 negat,
765 650 810 685 ver

30 701 57 755 is
66 717 137 770 opus
146 716 218 753 esse:
230 701 327 770 peuda
336 702 367 753 id
374 701 479 771 quidem
488 699 562 753 horis
570 717 647 770 posse
656 702 730 765 sciri,
740 718 817 769 quun⁴

30 768 74 824 sut
84 769 186 824 ceteris
192 778 318 840 praestet
327 771 459 825 Lucretia
469 787 527 823 sua.
565 771 647 836 Qrts'n,
662 771 687 823 si
695 771 773 843 vigor
783 772 822 824 iu·

30 839 213 903 tntaeinest,
234 841 431 895 conscendimus
441 857 528 910 equos,
548 840 825 911 invisimusqueproe·

30 920 104 965 rates
122 920 281 965 nostrarum
293 910 422 981 ingenia!
440 911 476 963 Id
488 910 583 979 cuique
598 910 824 979 spectatissimum

30 982 66 1044 ΕΙ,
87 981 162 1049 quod
179 980 339 1047 necopinato
354 978 409 1032 viri
425 982 542 1033 adventu
565 981 716 1034 occurrerit
729 981 823 1033 ocutis.

30 1050 197 1103 coaluerant
211 1050 286 1102 vino.
322 1048 382 1119 Age
396 1065 473 1113 sane,
493 1065 596 1102 onrnes.
634 1050 734 1101 citatis
744 1050 824 1117 equis

30 1120 137 1173 bolant
145 1120 273 1172 Romam.
293 1120 355 1182 Quo
367 1135 458 1186 quum,
469 1119 564 1184 primis
577 1135 607 1170 se
616 1119 823 1171 intendentibus

30 1190 155 1252 enebris,
169 1189 369 1256 pervenissent,
385 1193 504 1256 pergunt
515 1188 580 1238 inde
591 1188 755 1239 Collatiam:
776 1187 826 1240 ubi

30 1256 195 1317 moretiam,
213 1257 426 1322 haudquaquam
441 1262 472 1309 ut
485 1257 577 1325 regias
593 1272 690 1319 nurus,
711 1256 824 1324 quasin

30 1325 149 1379 unvivio
167 1325 289 1390 luxuque
309 1339 370 1375 cum
392 1327 556 1390 aequalibus
574 1326 700 1379 viderant
714 1333 823 1393 tempus

30 1402 158 1459 erentes,
177 1393 228 1447 sed
242 1399 325 1445 nome
339 1407 401 1444 sera
417 1392 541 1445 deditam
556 1395 638 1463 lanso
659 1398 733 1448 inter
747 1396 823 1448 lucu·

34 1472 134 1519 rantes
155 1463 274 1517 ancillas
294 1463 324 1515 in
343 1462 436 1514 medio
457 1462 568 1516 aedium
588 1464 729 1519 sedentem
746 1466 822 1518 inve·

39 1536 107 1589 lunt.
144 1533 292 1587 Muliebris
313 1532 472 1585 certaminis
486 1534 547 1586 laus
560 1548 644 1602 penes
659 1535 822 1588 Lucretiam

47 1606 81 1658 it.
117 1603 276 1657 Adveniens
290 1604 334 1655 vir
349 1603 548 1671 Tarquiniique
564 1605 674 1672 excepti
687 1606 820 1675 benigne:

51 1680 111 1729 ator
126 1674 244 1726 maritus
261 1673 376 1726 comiter
389 1674 491 1725 invitat
509 1675 603 1743 regios
620 1676 742 1728 iuvenes.
777 1675 822 1726 lbi

56 1760 83 1796 x.
102 1743 287 1808 Tarquinium
312 1744 387 1793 nrala
412 1743 500 1796 libido
520 1744 668 1797 Lucretiae
693 1745 821 1812 pervim

62 1809 285 1881 prandaecspit:
305 1816 363 1861 tum
375 1810 478 1875 forme,
496 1819 556 1864 tum
566 1821 694 1881 spectata
704 1814 821 1866 castitas

65 1883 126 1933 itat.
153 1881 192 2001 {it
201 1885 260 1931 tum
272 1880 385 1948 quidem
394 1880 429 1933 ab
440 1889 576 1935 nocnuno
588 1885 704 1936 iuvenili
713 1882 780 1935 iudo
790 1883 821 1934 in

71 1958 152 2003 trare
173 1956 247 2002 eunt.

76 2018 168 2072 LVlll.
186 2019 288 2072 Paucis
298 2016 454 2073 interiectis
461 2019 568 2081 diebus,
576 2016 822 2085 Sex.Tarquinius,

81 2090 108 2142 io
123 2089 279 2154 Collatino,
301 2106 363 2142 cum
383 2089 485 2141 comite
499 2101 554 2139 uno
570 2087 721 2140 Collatiam
735 2088 821 2142 venit.

87 2166 216 2227 exceptus
225 2160 291 2211 beni
330 2159 392 2212 cab
404 2158 511 2226 ignaris
523 2158 642 2222 consilii,
663 2173 746 2228 quum
756 2164 823 2228 post

93 2243 134 2282 sm
143 2229 173 2281 in
182 2227 297 2296 bospite
309 2245 324 2281 e
336 2229 492 2281 cubiculum
504 2227 638 2283 deductus
648 2236 733 2294 esset,
744 2246 820 2284 amo·

98 2299 168 2362 iens,
178 2305 325 2367 postquam
337 2299 405 2349 satis
417 2303 480 2350 tuta
485 2298 568 2362 circa,
579 2300 719 2368 sopitique
725 2317 821 2353 omnes

103 2374 190 2431 antur,
202 2369 300 2421 stricto
311 2367 405 2435 gladio
417 2366 452 2419 ad
465 2366 647 2421 dormientem
658 2371 822 2424 Lucretiam

126 2437 292 2507 sinistraque
306 2453 389 2489 manu
404 2438 530 2490 mulieris
549 2445 662 2505 pectore
679 2452 822 2506 oppresso,

112 2508 243 2572 risseretio,
258 2509 358 2576 inquit,
372 2508 434 2560 Sex.
449 2506 615 2577 Tarquinius
625 2524 682 2559 sum
689 2524 701 2567 ;
710 2508 821 2578 ferrum

119 2578 337 2643 uesttmoriere,
348 2577 372 2632 si
381 2577 501 2633 emiseris
511 2594 615 2634 nucem.
647 2573 837 2640 onumeri-

124 2661 214 2698 ronrno
233 2649 341 2705 mulier
355 2652 473 2708 nullam
492 2667 597 2724 oqem,
614 2661 713 2719 qroqe
723 2650 862 2697 mortem

133 2720 204 2783 tem,
229 2720 345 2783 rideret
352 2743 362 2797 ;
386 2734 456 2785 tum
465 2723 659 2801 Tarqdmius
674 2716 782 2774 istem
793 2723 881 2768 amo-
