1898 3292
149 199 164 250 s
262 198 296 249 r.
311 193 420 247 mvn
442 194 764 263 [nemancos]

140 306 237 358 armos
248 303 370 364 (luctum,
387 299 453 353 iude
464 300 611 351 demissum
621 300 650 351 in
661 315 783 368 campos.
818 300 915 355 Vasta·

135 390 178 427 cre
199 386 282 440 agros
299 370 509 423 Praenestinum
527 368 731 438 Gabinumque:
753 386 788 423 ex
807 370 917 425 Gabino

129 442 330 495 s'l'usculanos
347 439 451 493 flexere
471 439 567 492 colles.
603 439 673 491 Urbi
688 455 798 508 quoque
813 441 918 493 llomae

123 528 208 581 ngeas
224 511 367 577 praebitus
380 514 488 572 terror,
508 510 600 576 magis
614 509 644 559 in
661 524 692 561 re
708 511 814 575 subita,
836 526 926 579 quam*

117 583 185 650 quod
201 582 237 632 ad
248 579 398 633 arcendam
412 580 468 631 vim
478 594 577 646 parum
590 579 690 629 virium
702 586 785 633 esset.
821 579 856 642 Q.
867 580 926 633 Fae

113 654 173 705 bius
184 657 312 719 praeerat
322 651 395 703 urbi.
430 648 466 711 ls,
478 654 588 701 armata
597 648 750 710 iuventute,
765 649 919 717 dispositis-

111 738 164 790 que
174 721 330 789 praesidiis,
341 727 405 773 tuta
415 719 509 770 omnia
519 735 552 771 ac
562 718 714 785 tranquilla
724 718 801 771 fecit.
823 720 918 787 ltaque

110 790 215 854 hostes,
227 791 336 861 praeda
346 805 381 842 ex
391 789 525 857 proximis
537 789 607 840 locis
617 795 707 855 rapta,
718 790 918 857 appropinqua·

110 877 143 914 rc
155 861 219 913 urbi
228 876 284 912 non
295 861 366 923 ausi,
382 875 465 926 quum
477 860 648 912 circumacto
660 858 771 926 agmine
787 859 919 921 redirent,

112 934 217 999 quanto
227 930 339 997 longius
354 931 389 981 ab
401 930 470 981 urbe
481 928 605 981 bostium
616 928 812 993 abscederent,
832 944 867 982 eo
878 944 919 981 so·

110 1000 216 1052 lutiore
232 1014 300 1052 cura
317 1000 347 1051 in
362 1000 526 1052 Lucretium
545 1000 673 1052 incidunt
690 999 843 1062 consulem,
864 1000 919 1051 iam

113 1074 178 1122 aute
189 1069 346 1136 exploratis
355 1070 504 1123 itineribus
515 1070 573 1122 suis
584 1071 761 1133 instructum,
777 1075 807 1122 et
818 1069 855 1121 ad
865 1083 919 1121 cer·

112 1150 209 1193 tamen
218 1140 366 1193 intentum.
401 1141 498 1209 Igitur,
512 1141 689 1208 praeparatis
700 1139 809 1201 animis,
825 1152 918 1205 repen-

112 1212 172 1263 tino
194 1226 298 1280 pavore
319 1212 463 1278 perculsos
482 1210 584 1273 adorti,
606 1210 752 1278 aliquanto
774 1209 919 1275 pauciores

114 1280 322 1333 multitudinem
333 1283 475 1349 ingentem
489 1279 609 1331 fundunt
619 1280 786 1346 fugantque3
808 1284 838 1330 et
849 1292 919 1330 com·

114 1350 209 1417 pulsos
219 1350 250 1399 iu
262 1364 343 1400 cas-as
354 1351 451 1412 valles,
467 1365 551 1416 quum
562 1350 654 1402 exitus
667 1348 742 1400 baud
750 1348 779 1399 in
791 1346 873 1399 facili
881 1360 920 1399 es·

114 1424 185 1480 sent,
205 1418 433 1470 circumveniunt.
470 1419 513 1469 lbi
523 1417 656 1470 Volscum
667 1432 768 1469 nouren
779 1432 867 1485 prope
877 1414 920 1469 dt·

114 1488 201 1538 letum
217 1491 285 1541 est..
305 1487 453 1538 Tredecinr
470 1488 562 1539 millia
577 1489 796 1555 quadringentos
812 1492 921 1555 septus·

114 1556 194 1624 ginta
206 1554 339 1606 cecidisse
351 1556 379 1605 in
391 1558 450 1608 acie
463 1573 496 1609 ac
506 1558 585 1625 luga,
605 1557 683 1609 mille
695 1558 831 1609 ducentos
846 1554 915 1625 qum

115 1624 334 1693 quagintarivos
346 1632 452 1692 captos,
464 1628 544 1691 signa
554 1626 656 1692 viginti
666 1632 772 1692 septem
782 1624 910 1679 militarit

114 1695 215 1756 relata,
230 1695 259 1744 in
270 1696 433 1761 quibusdam
445 1695 592 1746 annalibus
603 1695 728 1747 invenio:
750 1696 798 1747 ubi
808 1696 866 1749 etsi
875 1694 906 1749 al

115 1765 218 1817 iectum
233 1765 341 1831 aliquid
351 1779 464 1816 numero
477 1765 527 1825 sit,
547 1779 648 1830 magna
659 1772 734 1819 certe
745 1767 848 1820 caedes
859 1764 899 1819 nrt

115 1834 215 1888 Victor
226 1835 331 1898 consul,
353 1833 462 1900 ingenti
471 1832 576 1900 praeda
586 1835 704 1900 potitus,
715 1836 814 1889 eadem
826 1838 857 1889 in
867 1842 892 1891 sl

114 1904 174 1955 tiva
192 1904 287 1956 rediit.
324 1906 395 1955 Turn
416 1903 545 1955 consules
566 1909 659 1955 castra
678 1907 866 1973 coniungunt:

112 1972 211 2026 Volsci
221 1974 364 2040 Aequique
377 1971 496 2025 afflictas
508 1974 582 2024 vires
597 1989 661 2024 suas
682 1975 712 2026 in
727 1991 811 2027 unum
829 1992 880 2028 con

112 2046 180 2097 lere.
199 2044 298 2096 Tertia
309 2043 361 2095 illa
371 2058 464 2111 pugna
477 2058 511 2095 eo
523 2059 595 2094 anno
607 2040 669 2094 fuit.
691 2045 798 2096 Eadem
809 2045 875 2097 fort·

112 2114 259 2165 victoriam
272 2112 365 2165 dedit:
388 2113 458 2164 fusis
473 2111 609 2174 hostibus,
625 2113 709 2165 ctiam
727 2121 821 2166 castra
831 2130 869 2167 ca·

165 2182 213 2232 ix.
231 2182 278 2233 Sic
297 2196 343 2232 res
358 2182 484 2234 Romana
499 2183 526 2232 in
543 2182 687 2248 antiquum
704 2190 808 2235 statum
823 2199 863 2235 ret

113 2249 306 2316 secundaeque
315 2249 385 2301 belli
395 2266 441 2303 res
457 2252 597 2318 externplo
614 2254 734 2304 urbanos
746 2259 840 2304 motus
851 2270 857 2301 t

113 2325 254 2370 taverunt.
283 2320 314 2369 c.
326 2320 498 2372 Terentilius
507 2322 578 2372 Arsa
588 2322 717 2373 tribunus
729 2323 820 2389 plebis
831 2339 851 2376 e

114 2386 224 2441 notuit.
259 2386 295 2448 ls,
315 2391 476 2442 consulibus
488 2390 662 2454 absentibus,
682 2398 760 2443 ratus
771 2393 846 2445 locut

114 2456 235 2511 bunieiis
246 2457 407 2511 actionibus
419 2461 530 2522 datum,
552 2476 602 2527 per
617 2462 726 2528 aliquot
737 2462 797 2514 dies
806 2462 840 2514 l’r

114 2527 632 2666 titili³eitl⁹¹tllrrimlrtn
650 2531 834 2655 bittit:

338 2634 345 2661 i
637 2637 645 2662 ἲ

113 2662 198 2719 berae
209 2612 326 2730 civitati,
341 2668 537 2721 invehebatur:
556 2670 662 2722 stomine
674 2671 743 2723 enirn
754 2680 822 2725 tant¹

112 2735 341 2802 arsinoitarum,
356 2754 387 2792 re
397 2738 457 2809 ipse
464 2754 551 2810 prope
561 2740 695 2806 atrocius,
715 2757 816 2810 quarnr
