1860 2978
69 102 120 146 Ml
300 98 617 161 PRAEFATIO.

62 209 105 283 gii
118 219 222 280 partes,
236 227 308 283 quac
321 212 391 266 artis
404 212 521 266 criticae
534 221 563 266 et
575 209 764 266 lacrmcncutit

62 283 165 339 uelicio
178 285 208 337 iu
221 285 365 363 integrum
376 287 493 341 restitui
505 305 538 342 ac
551 286 719 363 diligentius
732 305 764 342 cx

62 359 90 413 ri
102 357 232 412 debeant.

118 431 214 497 Quum
225 433 315 509 igitur
327 430 534 502 Tauchnitiua,
552 432 748 512 typographus

61 503 187 575 bliopola
198 507 400 563 celeberrimus
408 508 518 564 etdere
525 509 644 565 libraria
652 511 764 565 meritis

60 577 346 669 mihisignilicasaet,
364 582 437 639 aeid
449 600 546 660 agere,
567 593 609 652 ut,
631 585 764 657 quemadr

60 670 226 728 nuperrmrc
238 652 386 711 Ciceronis
398 675 496 730 opero,
509 658 551 712 ita
562 656 640 714 Livii
653 676 765 732 quoquc

60 746 118 784 uno
130 730 276 786 volumine
289 729 507 803 comprehensor
520 733 633 788 emittat
646 733 765 788 etaimul

58 819 121 861 rem
131 803 259 859 ciusdem
271 806 420 881 scriptoria
433 806 589 863 editionem
600 807 631 863 in
642 825 696 863 aex
707 817 764 863 tom

58 877 151 935 visam
162 878 294 949 adornet,
309 882 351 945 ⁷⁰)
362 897 464 954 meque
476 882 509 937 ln
519 879 606 938 huius
619 884 734 937 consilii
746 901 764 937 n

58 960 118 1007 tom
129 960 270 1022 vocasset,
282 952 407 1012 oblatam
417 954 488 1011 milri
500 964 599 1013 textua
611 958 717 1012 iterum
727 975 764 1012 rc

60 1027 160 1083 scandi
170 1028 348 1102 provinciam
360 1030 675 1102 colulrcntiuaauaccpi,
688 1048 764 1102 quoa

59 1100 201 1173 ferebam,
220 1104 359 1159 maiorem
371 1106 450 1177 illam
462 1103 539 1160 Livii
557 1106 713 1160 editionem
725 1122 762 1158 an

61 1176 131 1249 quin
152 1195 188 1233 uc
200 1195 290 1234 annor
299 1198 317 1235 a
327 1198 372 1233 mc
383 1178 556 1246 inchoatam,
568 1177 763 1233 necdumabao

61 1266 118 1323 qua
123 1193 269 1309 'Falelium
280 1270 415 1327 perverse
427 1252 547 1307 abusum
559 1270 622 1308 esso
634 1270 721 1325 supra
733 1253 764 1307 di

61 1326 130 1399 pina
143 1346 251 1397 corum,
263 1328 314 1400 qui
324 1325 539 1403 typothetarum
550 1327 707 1399 specimina
718 1346 764 1383 cor

63 1398 99 1488 (la
110 1402 305 1491 acccpiment,
328 1401 507 1480 negligentia
519 1402 669 1476 permultis
686 1402 763 1475 iiaqu

62 1477 188 1533 maaimra
200 1494 351 1551 operarmn
362 1476 486 1551 pcccatis
499 1494 562 1531 ease
574 1476 764 1532 deformatam.

61 1559 96 1605 ut
111 1552 301 1620 emendarem,
313 1550 530 1623 primoquidem
543 1569 612 1607 cura
623 1552 695 1607 fuit:
714 1552 764 1606 scil

62 1626 163 1694 altera,
174 1636 218 1694 ut,
236 1643 323 1700 quum
335 1627 367 1681 in
378 1644 410 1681 re
423 1626 524 1681 critica
535 1643 629 1699 neque
640 1636 724 1697 turpe
737 1629 761 1681 si

63 1717 123 1755 rem
143 1700 247 1770 fateri,
271 1717 364 1789 neque
387 1719 488 1757 verum
509 1701 609 1757 videre
626 1701 727 1773 quovis
740 1710 764 1755 te

64 1775 229 1853 contingat,
258 1775 412 1831 lcctroncm
429 1776 577 1853 vulgatam
597 1777 663 1831 aliia
682 1775 764 1830 locis,

63 1848 131 1904 olim
143 1859 251 1905 temere
263 1850 483 1920 sollicitasscm,
503 1851 535 1904 in
548 1851 687 1906 orationis
701 1857 764 1904 cont

61 1925 258 1990 restituerem,
283 1925 347 1980 aliis
365 1934 475 1987 autom,
500 1941 571 1991 qnos
583 1927 651 1979 olim
662 1925 764 1978 intacto

63 1998 199 2070 quiasem,
211 1995 259 2051 rel
272 1996 401 2049 codicum
413 1995 585 2050 auctoritate
597 1995 699 2063 frctus,
711 1996 760 2049 vcl

87 2139 126 2193 to)
138 2139 244 2190 Triginta
257 2139 362 2193 quinquo,
382 2137 418 2189 qui
436 2142 565 2192 supersunt,
575 2137 633 2179 Livii
643 2138 764 2179 Historiam

58 2197 136 2239 nereio
151 2208 179 2237 an
191 2195 276 2236 reatina
294 2207 342 2234 cum
354 2193 499 2234 lallcmanuo
515 2195 634 2247 inceptem
645 2193 761 2235 tomoaaliv

59 2266 126 2307 quarm
135 2252 225 2293 Liviam
235 2265 280 2291 nou
290 2250 362 2302 primo
373 2253 460 2290 tanaim
469 2250 532 2297 libro,
544 2251 584 2290 seu
592 2251 660 2291 oliam
670 2256 764 2298 sextust

59 2310 132 2365 primo
142 2312 165 2348 et
175 2307 288 2348 tricesima
299 2305 370 2359 primo
381 2305 510 2359 praefatum
522 2311 683 2353 essetecum,
697 2318 764 2358 eumq*

60 2365 114 2406 alilii
126 2363 193 2405 etiam
203 2362 286 2404 fecisse
295 2366 404 2416 appareat
411 2375 440 2402 ex
448 2363 496 2403 loco
507 2361 583 2411 Plinii,
593 2364 630 2414 qui
639 2363 662 2403 iu
671 2361 763 2403 Praefal

59 2420 227 2476 Vespasianum
254 2417 430 2471 Imperatorem,
456 2419 571 2459 lliatoriac
597 2417 704 2459 Naturali
730 2432 764 2472 pra

59 2476 114 2518 hace
125 2477 227 2530 scripaitz
257 2476 391 2521 ..l'roliteon
401 2475 476 2514 mirari
486 2488 519 2515 me
531 2473 560 2515 T.
570 2475 666 2521 Livium.
677 2479 764 2516 annulare

58 2534 203 2584 „laorrimunn
214 2531 392 2573 inllistoriarum
400 2543 497 2575 salarum,
507 2543 561 2584 (prins
571 2534 654 2583 repolit
663 2532 690 2572 ali
700 2532 764 2582 origia

58 2589 169 2642 „quonlam
180 2589 291 2629 volumine
301 2586 333 2627 aio
344 2600 430 2628 orsam:
450 2585 511 2627 Salis
527 2587 569 2627 iam
579 2589 621 2628 sili
632 2588 717 2639 gloriae
728 2601 764 2641 <pu

57 2649 96 2694 „ct
104 2645 207 2702 potuisse
218 2657 242 2687 sc
253 2643 365 2693 alcainore,
376 2643 398 2686 ui
406 2643 494 2687 animus
503 2644 592 2699 inquies
599 2648 732 2701 pasceretur
741 2658 764 2700 op
