<?xml version="1.0" encoding="UTF-8"?>
<!DOCTYPE html PUBLIC "-//W3C//DTD XHTML 1.0 Transitional//EN"
    "http://www.w3.org/TR/xhtml1/DTD/xhtml1-transitional.dtd">
<html xmlns="http://www.w3.org/1999/xhtml" xml:lang="en" lang="en">
 <head>
  <title>
</title>
<meta http-equiv="Content-Type" content="text/html;charset=utf-8" />
  <meta name='ocr-system' content='tesseract 3.04.00' />
  <meta name='ocr-capabilities' content='ocr_page ocr_carea ocr_par ocr_line ocrx_word'/>
</head>
<body>
  <div class='ocr_page' id='page_1' title='image "./tliviipatavinih03livigoog_0128.png"; bbox 0 0 1860 2978; ppageno 0'>
   <div class='ocr_carea' id='block_1_1' title="bbox 104 107 875 183">
    <p class='ocr_par' dir='ltr' id='par_1_1' title="bbox 104 107 875 183">
     <span class='ocr_line' id='line_1_1' title="bbox 104 107 875 183; baseline 0.001 -22"><span class='ocrx_word' id='word_1_1' title='bbox 104 107 455 162; x_wconf 61' lang='lat' dir='ltr'><strong>immiteremus.</strong></span> <span class='ocrx_word' id='word_1_2' title='bbox 476 109 519 176; x_wconf 74' lang='lat' dir='ltr'><strong>[u.</strong></span> <span class='ocrx_word' id='word_1_3' title='bbox 532 109 562 183; x_wconf 75' lang='lat' dir='ltr'><strong>q.</strong></span> <span class='ocrx_word' id='word_1_4' title='bbox 573 109 632 176; x_wconf 79' lang='lat'><strong>259·</strong></span> <span class='ocrx_word' id='word_1_5' title='bbox 644 108 677 159; x_wconf 83' lang='lat' dir='ltr'><strong>A.</strong></span> <span class='ocrx_word' id='word_1_6' title='bbox 689 110 720 160; x_wconf 83' lang='lat' dir='ltr'><strong>e.</strong></span> <span class='ocrx_word' id='word_1_7' title='bbox 731 109 802 177; x_wconf 67' lang='lat' dir='ltr'><strong>les]</strong></span> <span class='ocrx_word' id='word_1_8' title='bbox 824 108 875 162; x_wconf 87' lang='lat' dir='ltr'><strong>1ot</strong></span> 
     </span>
    </p>
   </div>
   <div class='ocr_carea' id='block_1_2' title="bbox 11 212 885 2711">
    <p class='ocr_par' dir='ltr' id='par_1_2' title="bbox 11 212 880 1188">
     <span class='ocr_line' id='line_1_2' title="bbox 11 212 875 281; baseline 0.001 -14"><span class='ocrx_word' id='word_1_9' title='bbox 11 226 15 257; x_wconf 77' lang='grc' dir='ltr'>Ι</span> <span class='ocrx_word' id='word_1_10' title='bbox 68 221 171 269; x_wconf 86' lang='lat' dir='ltr'><strong>metum</strong></span> <span class='ocrx_word' id='word_1_11' title='bbox 192 214 298 281; x_wconf 88' lang='lat' dir='ltr'><strong>potius,</strong></span> <span class='ocrx_word' id='word_1_12' title='bbox 320 228 403 280; x_wconf 85' lang='lat' dir='ltr'><strong>quam</strong></span> <span class='ocrx_word' id='word_1_13' title='bbox 419 213 566 280; x_wconf 86' lang='lat' dir='ltr'><strong>postmodo</strong></span> <span class='ocrx_word' id='word_1_14' title='bbox 582 212 741 277; x_wconf 82' lang='lat' dir='ltr'><strong>voluntate,</strong></span> <span class='ocrx_word' id='word_1_15' title='bbox 763 214 875 268; x_wconf 85' lang='lat' dir='ltr'><strong>efflictis</strong></span> 
     </span>
     <span class='ocr_line' id='line_1_3' title="bbox 69 280 876 338; baseline 0.004 -3"><span class='ocrx_word' id='word_1_16' title='bbox 69 284 170 336; x_wconf 75' lang='lat' dir='ltr'><strong>cisium</strong></span> <span class='ocrx_word' id='word_1_17' title='bbox 181 298 294 335; x_wconf 88' lang='lat' dir='ltr'><strong>suorum</strong></span> <span class='ocrx_word' id='word_1_18' title='bbox 305 280 427 333; x_wconf 87' lang='lat' dir='ltr'><strong>fortunis</strong></span> <span class='ocrx_word' id='word_1_19' title='bbox 439 284 617 336; x_wconf 85' lang='lat' dir='ltr'><strong>consuluisse.</strong></span> <span class='ocrx_word' id='word_1_20' title='bbox 635 285 876 338; x_wconf 84' lang='lat' dir='ltr'><strong>Concionideinde</strong></span> 
     </span>
     <span class='ocr_line' id='line_1_4' title="bbox 69 352 877 422; baseline 0.001 -16"><span class='ocrx_word' id='word_1_21' title='bbox 69 354 164 406; x_wconf 83' lang='lat' dir='ltr'><strong>edicto</strong></span> <span class='ocrx_word' id='word_1_22' title='bbox 176 352 389 415; x_wconf 78' lang='lat' dir='ltr'><strong>addiditlidem,</strong></span> <span class='ocrx_word' id='word_1_23' title='bbox 410 368 463 420; x_wconf 92' lang='lat' dir='ltr'><strong>quo</strong></span> <span class='ocrx_word' id='word_1_24' title='bbox 476 352 577 416; x_wconf 80' lang='lat' dir='ltr'>edixit,</span> <span class='ocrx_word' id='word_1_25' title='bbox 599 352 637 405; x_wconf 86' lang='lat' dir='ltr'><strong>Ne</strong></span> <span class='ocrx_word' id='word_1_26' title='bbox 654 355 712 422; x_wconf 81' lang='lat' dir='ltr'><strong>quis</strong></span> <span class='ocrx_word' id='word_1_27' title='bbox 728 355 811 409; x_wconf 80' lang='lat' dir='ltr'><strong>cinero</strong></span> <span class='ocrx_word' id='word_1_28' title='bbox 822 352 877 407; x_wconf 80' lang='lat' dir='ltr'><strong>lie·</strong></span> 
     </span>
     <span class='ocr_line' id='line_1_5' title="bbox 67 423 878 492; baseline -0.002 -15"><span class='ocrx_word' id='word_1_29' title='bbox 67 440 179 477; x_wconf 78' lang='lat' dir='ltr'><strong>monum</strong></span> <span class='ocrx_word' id='word_1_30' title='bbox 190 423 311 476; x_wconf 63' lang='lat' dir='ltr'><strong>mucium</strong></span> <span class='ocrx_word' id='word_1_31' title='bbox 322 432 371 475; x_wconf 83' lang='lat' dir='ltr'><strong>aut</strong></span> <span class='ocrx_word' id='word_1_32' title='bbox 380 425 501 475; x_wconf 82' lang='lat' dir='ltr'><strong>clausum</strong></span> <span class='ocrx_word' id='word_1_33' title='bbox 512 432 623 486; x_wconf 78' lang='lat' dir='ltr'><strong>teneret,</strong></span> <span class='ocrx_word' id='word_1_34' title='bbox 640 441 690 492; x_wconf 85' lang='lat' dir='ltr'><strong>quo</strong></span> <span class='ocrx_word' id='word_1_35' title='bbox 700 423 787 477; x_wconf 80' lang='lat' dir='ltr'><strong>rrrinut</strong></span> <span class='ocrx_word' id='word_1_36' title='bbox 798 426 822 476; x_wconf 81' lang='lat' dir='ltr'><strong>ei</strong></span> <span class='ocrx_word' id='word_1_37' title='bbox 832 443 878 477; x_wconf 80' lang='lat' dir='ltr'><strong>oo·</strong></span> 
     </span>
     <span class='ocr_line' id='line_1_6' title="bbox 67 493 877 563; baseline 0.001 -17"><span class='ocrx_word' id='word_1_38' title='bbox 67 495 148 547; x_wconf 76' lang='lat' dir='ltr'><strong>minis</strong></span> <span class='ocrx_word' id='word_1_39' title='bbox 163 493 257 546; x_wconf 79' lang='lat' dir='ltr'><strong>edendi</strong></span> <span class='ocrx_word' id='word_1_40' title='bbox 272 493 349 561; x_wconf 76' lang='lat' dir='ltr'><strong>operti</strong></span> <span class='ocrx_word' id='word_1_41' title='bbox 361 494 480 546; x_wconf 77' lang='lat' dir='ltr'><strong>consulet</strong></span> <span class='ocrx_word' id='word_1_42' title='bbox 497 502 620 562; x_wconf 79' lang='lat' dir='ltr'><strong>potestas</strong></span> <span class='ocrx_word' id='word_1_43' title='bbox 631 494 724 563; x_wconf 83' lang='lat' dir='ltr'><strong>fieret.</strong></span> <span class='ocrx_word' id='word_1_44' title='bbox 762 495 802 547; x_wconf 79' lang='lat' dir='ltr'><strong>Nc</strong></span> <span class='ocrx_word' id='word_1_45' title='bbox 817 496 877 561; x_wconf 77' lang='lat' dir='ltr'><strong>quit</strong></span> 
     </span>
     <span class='ocr_line' id='line_1_7' title="bbox 66 558 877 631; baseline 0.004 -16"><span class='ocrx_word' id='word_1_46' title='bbox 66 564 172 627; x_wconf 77' lang='lat' dir='ltr'><strong>militis,</strong></span> <span class='ocrx_word' id='word_1_47' title='bbox 182 564 265 615; x_wconf 81' lang='lat' dir='ltr'><strong>donce</strong></span> <span class='ocrx_word' id='word_1_48' title='bbox 275 562 305 615; x_wconf 79' lang='lat' dir='ltr'><strong>in</strong></span> <span class='ocrx_word' id='word_1_49' title='bbox 316 563 415 615; x_wconf 76' lang='lat' dir='ltr'><strong>cestris</strong></span> <span class='ocrx_word' id='word_1_50' title='bbox 427 573 502 627; x_wconf 80' lang='lat' dir='ltr'><strong>erret,</strong></span> <span class='ocrx_word' id='word_1_51' title='bbox 513 564 581 616; x_wconf 83' lang='lat' dir='ltr'><strong>buno</strong></span> <span class='ocrx_word' id='word_1_52' title='bbox 586 558 745 631; x_wconf 72' lang='lat' dir='ltr'><strong>possideret,</strong></span> <span class='ocrx_word' id='word_1_53' title='bbox 756 574 804 617; x_wconf 79' lang='lat' dir='ltr'><strong>out</strong></span> <span class='ocrx_word' id='word_1_54' title='bbox 817 582 877 618; x_wconf 80' lang='lat' dir='ltr'><strong>oen·</strong></span> 
     </span>
     <span class='ocr_line' id='line_1_8' title="bbox 68 632 878 701; baseline 0.001 -16"><span class='ocrx_word' id='word_1_55' title='bbox 68 632 160 686; x_wconf 81' lang='lat' dir='ltr'><strong>deret.-</strong></span> <span class='ocrx_word' id='word_1_56' title='bbox 180 632 277 685; x_wconf 75' lang='lat' dir='ltr'><strong>liberos</strong></span> <span class='ocrx_word' id='word_1_57' title='bbox 288 642 426 701; x_wconf 74' lang='lat' dir='ltr'><strong>nepotesve</strong></span> <span class='ocrx_word' id='word_1_58' title='bbox 437 634 492 686; x_wconf 81' lang='lat' dir='ltr'><strong>cius</strong></span> <span class='ocrx_word' id='word_1_59' title='bbox 502 644 666 687; x_wconf 83' lang='lat' dir='ltr'><strong>moreretur.</strong></span> <span class='ocrx_word' id='word_1_60' title='bbox 702 634 766 686; x_wconf 91' lang='lat' dir='ltr'><strong>Hoc</strong></span> <span class='ocrx_word' id='word_1_61' title='bbox 777 648 878 701; x_wconf 91' lang='lat' dir='ltr'><strong>propo·</strong></span> 
     </span>
     <span class='ocr_line' id='line_1_9' title="bbox 68 702 877 771; baseline -0.001 -15"><span class='ocrx_word' id='word_1_62' title='bbox 68 704 124 756; x_wconf 85' lang='lat' dir='ltr'><strong>sito</strong></span> <span class='ocrx_word' id='word_1_63' title='bbox 135 702 238 766; x_wconf 85' lang='lat' dir='ltr'><strong>edicto,</strong></span> <span class='ocrx_word' id='word_1_64' title='bbox 258 708 295 764; x_wconf 91' lang='lat' dir='ltr'><strong>et,</strong></span> <span class='ocrx_word' id='word_1_65' title='bbox 317 703 365 771; x_wconf 89' lang='lat' dir='ltr'><strong>qui</strong></span> <span class='ocrx_word' id='word_1_66' title='bbox 377 703 503 767; x_wconf 85' lang='lat' dir='ltr'><strong>aderant,</strong></span> <span class='ocrx_word' id='word_1_67' title='bbox 522 704 588 757; x_wconf 81' lang='lat' dir='ltr'><strong>nexi</strong></span> <span class='ocrx_word' id='word_1_68' title='bbox 597 704 724 771; x_wconf 84' lang='lat' dir='ltr'><strong>profiteri</strong></span> <span class='ocrx_word' id='word_1_69' title='bbox 736 705 877 771; x_wconf 81' lang='lat' dir='ltr'><strong>extemplo</strong></span> 
     </span>
     <span class='ocr_line' id='line_1_10' title="bbox 68 772 878 843; baseline -0.001 -18"><span class='ocrx_word' id='word_1_70' title='bbox 68 774 198 837; x_wconf 80' lang='lat' dir='ltr'><strong>nomina3</strong></span> <span class='ocrx_word' id='word_1_71' title='bbox 214 778 243 825; x_wconf 85' lang='lat' dir='ltr'><strong>et</strong></span> <span class='ocrx_word' id='word_1_72' title='bbox 253 772 373 841; x_wconf 84' lang='lat' dir='ltr'><strong>undique</strong></span> <span class='ocrx_word' id='word_1_73' title='bbox 384 788 419 826; x_wconf 84' lang='lat' dir='ltr'><strong>ex</strong></span> <span class='ocrx_word' id='word_1_74' title='bbox 429 780 490 826; x_wconf 86' lang='lat' dir='ltr'><strong>tota</strong></span> <span class='ocrx_word' id='word_1_75' title='bbox 499 774 568 826; x_wconf 82' lang='lat' dir='ltr'><strong>urbe</strong></span> <span class='ocrx_word' id='word_1_76' title='bbox 578 774 792 843; x_wconf 72' lang='lat' dir='ltr'><strong>proripientium</strong></span> <span class='ocrx_word' id='word_1_77' title='bbox 802 788 832 826; x_wconf 87' lang='lat' dir='ltr'><strong>se</strong></span> <span class='ocrx_word' id='word_1_78' title='bbox 844 788 878 827; x_wconf 89' lang='lat' dir='ltr'><strong>cx</strong></span> 
     </span>
     <span class='ocr_line' id='line_1_11' title="bbox 69 843 878 912; baseline 0.001 -18"><span class='ocrx_word' id='word_1_79' title='bbox 69 844 190 912; x_wconf 78' lang='lat' dir='ltr'><strong>privato,</strong></span> <span class='ocrx_word' id='word_1_80' title='bbox 210 858 293 910; x_wconf 92' lang='lat' dir='ltr'><strong>quum</strong></span> <span class='ocrx_word' id='word_1_81' title='bbox 303 843 441 897; x_wconf 88' lang='lat' dir='ltr'><strong>retinendi</strong></span> <span class='ocrx_word' id='word_1_82' title='bbox 450 845 493 895; x_wconf 86' lang='lat' dir='ltr'><strong>ius</strong></span> <span class='ocrx_word' id='word_1_83' title='bbox 504 844 637 897; x_wconf 82' lang='lat' dir='ltr'><strong>creditori</strong></span> <span class='ocrx_word' id='word_1_84' title='bbox 647 860 702 897; x_wconf 88' lang='lat' dir='ltr'><strong>non</strong></span> <span class='ocrx_word' id='word_1_85' title='bbox 715 851 789 896; x_wconf 90' lang='lat' dir='ltr'><strong>esset</strong></span> <span class='ocrx_word' id='word_1_86' title='bbox 815 854 878 895; x_wconf 90' lang='lat' dir='ltr'><strong>con·</strong></span> 
     </span>
     <span class='ocr_line' id='line_1_12' title="bbox 68 882 879 981; baseline 0.002 -17"><span class='ocrx_word' id='word_1_87' title='bbox 68 910 167 964; x_wconf 77' lang='lat' dir='ltr'><strong>cursus</strong></span> <span class='ocrx_word' id='word_1_88' title='bbox 177 912 207 963; x_wconf 84' lang='lat' dir='ltr'><strong>in</strong></span> <span class='ocrx_word' id='word_1_89' title='bbox 218 911 318 976; x_wconf 81' lang='lat' dir='ltr'><strong>forum,</strong></span> <span class='ocrx_word' id='word_1_90' title='bbox 327 919 359 965; x_wconf 91' lang='lat' dir='ltr'><strong>ut</strong></span> <span class='ocrx_word' id='word_1_91' title='bbox 370 921 544 967; x_wconf 84' lang='lat' dir='ltr'><strong>sacramento</strong></span> <span class='ocrx_word' id='word_1_92' title='bbox 554 914 688 978; x_wconf 85' lang='lat' dir='ltr'><strong>dicerent,</strong></span> <span class='ocrx_word' id='word_1_93' title='bbox 694 914 763 967; x_wconf 86' lang='lat' dir='ltr'><strong>lieri.</strong></span> <span class='ocrx_word' id='word_1_94' title='bbox 773 882 879 981; x_wconf 74' lang='lat' dir='ltr'><strong>blegne</strong></span> 
     </span>
     <span class='ocr_line' id='line_1_13' title="bbox 69 981 877 1052; baseline -0.001 -17"><span class='ocrx_word' id='word_1_95' title='bbox 69 996 104 1035; x_wconf 83' lang='lat' dir='ltr'><strong>ets</strong></span> <span class='ocrx_word' id='word_1_96' title='bbox 113 994 213 1034; x_wconf 83' lang='lat' dir='ltr'><strong>monus</strong></span> <span class='ocrx_word' id='word_1_97' title='bbox 224 981 292 1047; x_wconf 82' lang='lat' dir='ltr'><strong>fuit3</strong></span> <span class='ocrx_word' id='word_1_98' title='bbox 313 998 403 1050; x_wconf 87' lang='lat' dir='ltr'><strong>neque</strong></span> <span class='ocrx_word' id='word_1_99' title='bbox 415 984 532 1035; x_wconf 91' lang='lat' dir='ltr'><strong>aliorum</strong></span> <span class='ocrx_word' id='word_1_100' title='bbox 544 985 632 1052; x_wconf 83' lang='lat' dir='ltr'><strong>magis</strong></span> <span class='ocrx_word' id='word_1_101' title='bbox 647 986 677 1035; x_wconf 90' lang='lat' dir='ltr'><strong>in</strong></span> <span class='ocrx_word' id='word_1_102' title='bbox 689 982 791 1035; x_wconf 90' lang='lat' dir='ltr'><strong>Volsco</strong></span> <span class='ocrx_word' id='word_1_103' title='bbox 802 984 877 1035; x_wconf 91' lang='lat' dir='ltr'><strong>belle</strong></span> 
     </span>
     <span class='ocr_line' id='line_1_14' title="bbox 68 1050 880 1119; baseline -0.002 -14"><span class='ocrx_word' id='word_1_104' title='bbox 68 1053 160 1105; x_wconf 69' lang='lat' dir='ltr'><strong>virtus</strong></span> <span class='ocrx_word' id='word_1_105' title='bbox 171 1058 254 1119; x_wconf 84' lang='lat' dir='ltr'><strong>etque</strong></span> <span class='ocrx_word' id='word_1_106' title='bbox 265 1066 352 1118; x_wconf 83' lang='lat' dir='ltr'><strong>opera</strong></span> <span class='ocrx_word' id='word_1_107' title='bbox 363 1053 472 1105; x_wconf 79' lang='lat' dir='ltr'><strong>enituit.</strong></span> <span class='ocrx_word' id='word_1_108' title='bbox 495 1054 596 1105; x_wconf 83' lang='lat' dir='ltr'><strong>consul</strong></span> <span class='ocrx_word' id='word_1_109' title='bbox 613 1055 707 1119; x_wconf 83' lang='lat' dir='ltr'><strong>copias</strong></span> <span class='ocrx_word' id='word_1_110' title='bbox 725 1050 880 1103; x_wconf 86' lang='lat' dir='ltr'><strong>contrahu-</strong></span> 
     </span>
     <span class='ocr_line' id='line_1_15' title="bbox 68 1122 880 1188; baseline 0.001 -16"><span class='ocrx_word' id='word_1_111' title='bbox 68 1126 142 1176; x_wconf 84' lang='lat' dir='ltr'><strong>stem</strong></span> <span class='ocrx_word' id='word_1_112' title='bbox 154 1122 258 1174; x_wconf 82' lang='lat' dir='ltr'><strong>educit:</strong></span> <span class='ocrx_word' id='word_1_113' title='bbox 270 1132 356 1188; x_wconf 82' lang='lat' dir='ltr'><strong>parvo</strong></span> <span class='ocrx_word' id='word_1_114' title='bbox 369 1122 516 1174; x_wconf 77' lang='lat' dir='ltr'><strong>dirimente</strong></span> <span class='ocrx_word' id='word_1_115' title='bbox 527 1124 676 1175; x_wconf 80' lang='lat' dir='ltr'><strong>intervallo</strong></span> <span class='ocrx_word' id='word_1_116' title='bbox 689 1127 781 1172; x_wconf 65' lang='lat' dir='ltr'><strong>ceastre</strong></span> <span class='ocrx_word' id='word_1_117' title='bbox 789 1123 880 1187; x_wconf 86' lang='lat' dir='ltr'><strong>pouit.</strong></span> 
     </span>
    </p>

    <p class='ocr_par' dir='ltr' id='par_1_3' title="bbox 65 1188 885 2711">
     <span class='ocr_line' id='line_1_16' title="bbox 123 1188 880 1254; baseline -0.001 -11"><span class='ocrx_word' id='word_1_118' title='bbox 123 1191 213 1243; x_wconf 82' lang='lat' dir='ltr'>XXV.</span> <span class='ocrx_word' id='word_1_119' title='bbox 232 1190 365 1242; x_wconf 81' lang='lat' dir='ltr'><strong>Proxima</strong></span> <span class='ocrx_word' id='word_1_120' title='bbox 374 1191 439 1243; x_wconf 89' lang='lat' dir='ltr'><strong>inde</strong></span> <span class='ocrx_word' id='word_1_121' title='bbox 450 1199 531 1244; x_wconf 91' lang='lat' dir='ltr'><strong>nocte</strong></span> <span class='ocrx_word' id='word_1_122' title='bbox 542 1191 568 1243; x_wconf 84' lang='lat' dir='ltr'>V</span> <span class='ocrx_word' id='word_1_123' title='bbox 569 1192 652 1254; x_wconf 86' lang='lat' dir='ltr'><strong>elsc&#39;i,</strong></span> <span class='ocrx_word' id='word_1_124' title='bbox 675 1188 815 1243; x_wconf 74' lang='lat' dir='ltr'><strong>discordia</strong></span> <span class='ocrx_word' id='word_1_125' title='bbox 826 1190 880 1242; x_wconf 86' lang='lat' dir='ltr'><strong>Ro·</strong></span> 
     </span>
     <span class='ocr_line' id='line_1_17' title="bbox 68 1260 878 1327; baseline -0.002 -14"><span class='ocrx_word' id='word_1_126' title='bbox 68 1269 153 1313; x_wconf 79' lang='lat' dir='ltr'><strong>mana</strong></span> <span class='ocrx_word' id='word_1_127' title='bbox 163 1261 236 1322; x_wconf 79' lang='lat' dir='ltr'><strong>freti,</strong></span> <span class='ocrx_word' id='word_1_128' title='bbox 257 1261 280 1310; x_wconf 85' lang='lat' dir='ltr'><strong>si</strong></span> <span class='ocrx_word' id='word_1_129' title='bbox 294 1277 349 1327; x_wconf 87' lang='lat' dir='ltr'><strong>qua</strong></span> <span class='ocrx_word' id='word_1_130' title='bbox 359 1267 496 1313; x_wconf 83' lang='lat' dir='ltr'><strong>nocturna</strong></span> <span class='ocrx_word' id='word_1_131' title='bbox 506 1262 636 1313; x_wconf 83' lang='lat' dir='ltr'><strong>transitio</strong></span> <span class='ocrx_word' id='word_1_132' title='bbox 648 1261 807 1327; x_wconf 78' lang='lat' dir='ltr'><strong>proditiove</strong></span> <span class='ocrx_word' id='word_1_133' title='bbox 819 1260 878 1313; x_wconf 85' lang='lat' dir='ltr'><strong>ficri</strong></span> 
     </span>
     <span class='ocr_line' id='line_1_18' title="bbox 68 1330 878 1398; baseline 0 -16"><span class='ocrx_word' id='word_1_134' title='bbox 68 1331 173 1398; x_wconf 85' lang='lat' dir='ltr'><strong>possit,</strong></span> <span class='ocrx_word' id='word_1_135' title='bbox 191 1335 301 1381; x_wconf 85' lang='lat' dir='ltr'><strong>tentent</strong></span> <span class='ocrx_word' id='word_1_136' title='bbox 323 1337 423 1383; x_wconf 88' lang='lat' dir='ltr'><strong>castra.</strong></span> <span class='ocrx_word' id='word_1_137' title='bbox 460 1330 577 1384; x_wconf 86' lang='lat' dir='ltr'><strong>Sensere</strong></span> <span class='ocrx_word' id='word_1_138' title='bbox 597 1330 709 1398; x_wconf 75' lang='lat' dir='ltr'><strong>vigiles:</strong></span> <span class='ocrx_word' id='word_1_139' title='bbox 739 1330 878 1384; x_wconf 70' lang='lat' dir='ltr'><strong>excitatus</strong></span> 
     </span>
     <span class='ocr_line' id='line_1_19' title="bbox 68 1396 879 1466; baseline -0.001 -13"><span class='ocrx_word' id='word_1_140' title='bbox 68 1400 224 1453; x_wconf 84' lang='lat' dir='ltr'><strong>exercitus:</strong></span> <span class='ocrx_word' id='word_1_141' title='bbox 245 1400 325 1466; x_wconf 74' lang='lat' dir='ltr'><strong>signo</strong></span> <span class='ocrx_word' id='word_1_142' title='bbox 341 1400 407 1453; x_wconf 87' lang='lat' dir='ltr'><strong>dato</strong></span> <span class='ocrx_word' id='word_1_143' title='bbox 425 1416 589 1453; x_wconf 88' lang='lat' dir='ltr'><strong>concursum</strong></span> <span class='ocrx_word' id='word_1_144' title='bbox 605 1396 696 1454; x_wconf 84' lang='lat' dir='ltr'><strong>estad</strong></span> <span class='ocrx_word' id='word_1_145' title='bbox 712 1412 797 1454; x_wconf 84' lang='lat' dir='ltr'><strong>arma.</strong></span> <span class='ocrx_word' id='word_1_146' title='bbox 834 1402 879 1453; x_wconf 84' lang='lat' dir='ltr'><strong>lta</strong></span> 
     </span>
     <span class='ocr_line' id='line_1_20' title="bbox 66 1468 878 1539; baseline 0 -17"><span class='ocrx_word' id='word_1_147' title='bbox 66 1472 176 1523; x_wconf 79' lang='lat' dir='ltr'><strong>frustra</strong></span> <span class='ocrx_word' id='word_1_148' title='bbox 195 1468 225 1519; x_wconf 93' lang='lat' dir='ltr'><strong>ld</strong></span> <span class='ocrx_word' id='word_1_149' title='bbox 243 1469 384 1536; x_wconf 86' lang='lat' dir='ltr'><strong>inceptum</strong></span> <span class='ocrx_word' id='word_1_150' title='bbox 400 1470 511 1523; x_wconf 77' lang='lat' dir='ltr'><strong>Volscis</strong></span> <span class='ocrx_word' id='word_1_151' title='bbox 530 1471 595 1523; x_wconf 79' lang='lat' dir='ltr'><strong>mit:</strong></span> <span class='ocrx_word' id='word_1_152' title='bbox 629 1471 765 1539; x_wconf 90' lang='lat' dir='ltr'><strong>reliquum</strong></span> <span class='ocrx_word' id='word_1_153' title='bbox 788 1471 878 1522; x_wconf 87' lang='lat' dir='ltr'><strong>uectis</strong></span> 
     </span>
     <span class='ocr_line' id='line_1_21' title="bbox 67 1538 878 1662; baseline 0 -72"><span class='ocrx_word' id='word_1_154' title='bbox 67 1540 210 1606; x_wconf 86' lang='lat' dir='ltr'><strong>utrimque</strong></span> <span class='ocrx_word' id='word_1_155' title='bbox 222 1540 311 1604; x_wconf 88' lang='lat' dir='ltr'><strong>quieti</strong></span> <span class='ocrx_word' id='word_1_156' title='bbox 324 1539 428 1592; x_wconf 79' lang='lat' dir='ltr'><strong>datum.</strong></span> <span class='ocrx_word' id='word_1_157' title='bbox 453 1541 570 1593; x_wconf 85' lang='lat' dir='ltr'><strong>Postero</strong></span> <span class='ocrx_word' id='word_1_158' title='bbox 582 1541 728 1662; x_wconf 64' lang='lat' dir='ltr'><strong>dielprlme</strong></span> <span class='ocrx_word' id='word_1_159' title='bbox 738 1541 801 1595; x_wconf 89' lang='lat' dir='ltr'><strong>luce</strong></span> <span class='ocrx_word' id='word_1_160' title='bbox 810 1538 878 1592; x_wconf 89' lang='lat' dir='ltr'><strong>Vol·</strong></span> 
     </span>
     <span class='ocr_line' id='line_1_22' title="bbox 67 1608 875 1678; baseline -0.002 -17"><span class='ocrx_word' id='word_1_161' title='bbox 67 1610 118 1672; x_wconf 89' lang='lat' dir='ltr'><strong>sei,</strong></span> <span class='ocrx_word' id='word_1_162' title='bbox 130 1608 213 1661; x_wconf 81' lang='lat' dir='ltr'><strong>fossis</strong></span> <span class='ocrx_word' id='word_1_163' title='bbox 223 1608 348 1674; x_wconf 83' lang='lat' dir='ltr'><strong>repletis,</strong></span> <span class='ocrx_word' id='word_1_164' title='bbox 358 1610 461 1660; x_wconf 85' lang='lat' dir='ltr'><strong>vallum</strong></span> <span class='ocrx_word' id='word_1_165' title='bbox 471 1611 614 1663; x_wconf 72' lang='lat' dir='ltr'><strong>invadunt.</strong></span> <span class='ocrx_word' id='word_1_166' title='bbox 648 1626 745 1678; x_wconf 79' lang='lat' dir='ltr'><strong>auique</strong></span> <span class='ocrx_word' id='word_1_167' title='bbox 756 1613 790 1663; x_wconf 80' lang='lat' dir='ltr'><strong>ab</strong></span> <span class='ocrx_word' id='word_1_168' title='bbox 801 1609 875 1662; x_wconf 93' lang='lat' dir='ltr'><strong>omni</strong></span> 
     </span>
     <span class='ocr_line' id='line_1_23' title="bbox 67 1678 878 1748; baseline -0.001 -17"><span class='ocrx_word' id='word_1_169' title='bbox 67 1684 150 1747; x_wconf 82' lang='lat' dir='ltr'><strong>parte</strong></span> <span class='ocrx_word' id='word_1_170' title='bbox 165 1678 338 1730; x_wconf 80' lang='lat' dir='ltr'><strong>munimenta</strong></span> <span class='ocrx_word' id='word_1_171' title='bbox 353 1680 540 1743; x_wconf 83' lang='lat' dir='ltr'><strong>vellebantur,</strong></span> <span class='ocrx_word' id='word_1_172' title='bbox 561 1696 644 1748; x_wconf 92' lang='lat' dir='ltr'><strong>quum</strong></span> <span class='ocrx_word' id='word_1_173' title='bbox 666 1678 774 1743; x_wconf 84' lang='lat' dir='ltr'><strong>consul,</strong></span> <span class='ocrx_word' id='word_1_174' title='bbox 795 1696 878 1747; x_wconf 88' lang='lat' dir='ltr'><strong>quan·</strong></span> 
     </span>
     <span class='ocr_line' id='line_1_24' title="bbox 68 1747 877 1818; baseline 0 -18"><span class='ocrx_word' id='word_1_175' title='bbox 68 1762 152 1817; x_wconf 84' lang='lat' dir='ltr'><strong>quam</strong></span> <span class='ocrx_word' id='word_1_176' title='bbox 164 1747 256 1799; x_wconf 86' lang='lat' dir='ltr'><strong>euneti</strong></span> <span class='ocrx_word' id='word_1_177' title='bbox 267 1747 395 1815; x_wconf 90' lang='lat' dir='ltr'><strong>undique,</strong></span> <span class='ocrx_word' id='word_1_178' title='bbox 416 1755 445 1802; x_wconf 86' lang='lat' dir='ltr'><strong>et</strong></span> <span class='ocrx_word' id='word_1_179' title='bbox 453 1752 518 1802; x_wconf 86' lang='lat' dir='ltr'><strong>nexi</strong></span> <span class='ocrx_word' id='word_1_180' title='bbox 530 1757 593 1802; x_wconf 80' lang='lat' dir='ltr'><strong>ente</strong></span> <span class='ocrx_word' id='word_1_181' title='bbox 606 1765 710 1812; x_wconf 86' lang='lat' dir='ltr'><strong>omnes,</strong></span> <span class='ocrx_word' id='word_1_182' title='bbox 725 1756 757 1801; x_wconf 87' lang='lat' dir='ltr'><strong>ut</strong></span> <span class='ocrx_word' id='word_1_183' title='bbox 768 1750 877 1818; x_wconf 85' lang='lat' dir='ltr'><strong>signum</strong></span> 
     </span>
     <span class='ocr_line' id='line_1_25' title="bbox 68 1818 879 1885; baseline -0.001 -16"><span class='ocrx_word' id='word_1_184' title='bbox 68 1820 159 1881; x_wconf 82' lang='lat' dir='ltr'><strong>daret,</strong></span> <span class='ocrx_word' id='word_1_185' title='bbox 177 1818 344 1881; x_wconf 81' lang='lat' dir='ltr'><strong>clamabant,</strong></span> <span class='ocrx_word' id='word_1_186' title='bbox 366 1820 530 1885; x_wconf 82' lang='lat' dir='ltr'><strong>experiendi</strong></span> <span class='ocrx_word' id='word_1_187' title='bbox 541 1820 649 1870; x_wconf 85' lang='lat' dir='ltr'><strong>animos</strong></span> <span class='ocrx_word' id='word_1_188' title='bbox 659 1819 782 1869; x_wconf 92' lang='lat' dir='ltr'><strong>militum</strong></span> <span class='ocrx_word' id='word_1_189' title='bbox 794 1834 879 1870; x_wconf 85' lang='lat' dir='ltr'><strong>causa</strong></span> 
     </span>
     <span class='ocr_line' id='line_1_26' title="bbox 68 1887 877 1956; baseline -0.002 -16"><span class='ocrx_word' id='word_1_190' title='bbox 68 1896 218 1956; x_wconf 85' lang='lat' dir='ltr'><strong>parumper</strong></span> <span class='ocrx_word' id='word_1_191' title='bbox 228 1894 364 1950; x_wconf 86' lang='lat' dir='ltr'><strong>moratus,</strong></span> <span class='ocrx_word' id='word_1_192' title='bbox 375 1895 522 1955; x_wconf 83' lang='lat' dir='ltr'><strong>postquem</strong></span> <span class='ocrx_word' id='word_1_193' title='bbox 534 1888 604 1939; x_wconf 83' lang='lat' dir='ltr'><strong>setis</strong></span> <span class='ocrx_word' id='word_1_194' title='bbox 616 1889 772 1953; x_wconf 78' lang='lat' dir='ltr'><strong>apparebat</strong></span> <span class='ocrx_word' id='word_1_195' title='bbox 780 1887 877 1954; x_wconf 86' lang='lat' dir='ltr'><strong>ingens</strong></span> 
     </span>
     <span class='ocr_line' id='line_1_27' title="bbox 68 1956 875 2023; baseline -0.002 -13"><span class='ocrx_word' id='word_1_196' title='bbox 68 1958 165 2020; x_wconf 89' lang='lat' dir='ltr'><strong>ardor,</strong></span> <span class='ocrx_word' id='word_1_197' title='bbox 186 1957 253 2007; x_wconf 91' lang='lat' dir='ltr'><strong>dato</strong></span> <span class='ocrx_word' id='word_1_198' title='bbox 265 1957 378 2009; x_wconf 85' lang='lat' dir='ltr'><strong>tandem</strong></span> <span class='ocrx_word' id='word_1_199' title='bbox 389 1957 424 2010; x_wconf 89' lang='lat' dir='ltr'><strong>ad</strong></span> <span class='ocrx_word' id='word_1_200' title='bbox 436 1956 635 2023; x_wconf 86' lang='lat' dir='ltr'><strong>erumpendum</strong></span> <span class='ocrx_word' id='word_1_201' title='bbox 647 1957 736 2023; x_wconf 82' lang='lat' dir='ltr'><strong>signo,</strong></span> <span class='ocrx_word' id='word_1_202' title='bbox 758 1956 875 2008; x_wconf 89' lang='lat' dir='ltr'><strong>militem</strong></span> 
     </span>
     <span class='ocr_line' id='line_1_28' title="bbox 68 2024 877 2080; baseline -0.002 -1"><span class='ocrx_word' id='word_1_203' title='bbox 68 2028 181 2080; x_wconf 80' lang='lat' dir='ltr'><strong>avidum</strong></span> <span class='ocrx_word' id='word_1_204' title='bbox 201 2027 362 2078; x_wconf 83' lang='lat' dir='ltr'><strong>certaminis</strong></span> <span class='ocrx_word' id='word_1_205' title='bbox 388 2027 500 2079; x_wconf 85' lang='lat' dir='ltr'><strong>emittit.</strong></span> <span class='ocrx_word' id='word_1_206' title='bbox 536 2024 631 2078; x_wconf 88' lang='lat' dir='ltr'><strong>Primo</strong></span> <span class='ocrx_word' id='word_1_207' title='bbox 650 2025 747 2076; x_wconf 83' lang='lat' dir='ltr'><strong>statim</strong></span> <span class='ocrx_word' id='word_1_208' title='bbox 766 2024 877 2077; x_wconf 80' lang='lat' dir='ltr'><strong>incursu</strong></span> 
     </span>
     <span class='ocr_line' id='line_1_29' title="bbox 68 2094 877 2165; baseline 0 -16"><span class='ocrx_word' id='word_1_209' title='bbox 68 2098 144 2165; x_wconf 86' lang='lat' dir='ltr'><strong>pulsi</strong></span> <span class='ocrx_word' id='word_1_210' title='bbox 158 2095 266 2149; x_wconf 81' lang='lat' dir='ltr'><strong>bootes:</strong></span> <span class='ocrx_word' id='word_1_211' title='bbox 289 2096 474 2164; x_wconf 78' lang='lat' dir='ltr'><strong>fugientibus,</strong></span> <span class='ocrx_word' id='word_1_212' title='bbox 494 2097 585 2165; x_wconf 88' lang='lat' dir='ltr'><strong>quoad</strong></span> <span class='ocrx_word' id='word_1_213' title='bbox 601 2096 708 2165; x_wconf 89' lang='lat' dir='ltr'><strong>insequi</strong></span> <span class='ocrx_word' id='word_1_214' title='bbox 726 2094 810 2165; x_wconf 86' lang='lat' dir='ltr'><strong>pedes</strong></span> <span class='ocrx_word' id='word_1_215' title='bbox 829 2110 877 2164; x_wconf 91' lang='lat' dir='ltr'><strong>pu·</strong></span> 
     </span>
     <span class='ocr_line' id='line_1_30' title="bbox 66 2166 876 2236; baseline -0.001 -18"><span class='ocrx_word' id='word_1_216' title='bbox 66 2167 131 2230; x_wconf 89' lang='lat' dir='ltr'><strong>tuit,</strong></span> <span class='ocrx_word' id='word_1_217' title='bbox 141 2172 225 2233; x_wconf 79' lang='lat' dir='ltr'><strong>terga</strong></span> <span class='ocrx_word' id='word_1_218' title='bbox 235 2180 327 2218; x_wconf 71' lang='lat' dir='ltr'><strong>caesa:</strong></span> <span class='ocrx_word' id='word_1_219' title='bbox 338 2182 424 2236; x_wconf 87' lang='lat' dir='ltr'><strong>eques</strong></span> <span class='ocrx_word' id='word_1_220' title='bbox 433 2182 520 2235; x_wconf 87' lang='lat' dir='ltr'><strong>usquc</strong></span> <span class='ocrx_word' id='word_1_221' title='bbox 533 2166 568 2219; x_wconf 86' lang='lat' dir='ltr'><strong>ad</strong></span> <span class='ocrx_word' id='word_1_222' title='bbox 579 2172 671 2219; x_wconf 87' lang='lat' dir='ltr'><strong>castre</strong></span> <span class='ocrx_word' id='word_1_223' title='bbox 701 2167 797 2220; x_wconf 83' lang='lat' dir='ltr'><strong>aridos</strong></span> <span class='ocrx_word' id='word_1_224' title='bbox 808 2167 876 2234; x_wconf 83' lang='lat' dir='ltr'><strong>egit.</strong></span> 
     </span>
     <span class='ocr_line' id='line_1_31' title="bbox 67 2234 875 2306; baseline 0 -19"><span class='ocrx_word' id='word_1_225' title='bbox 67 2237 137 2288; x_wconf 83' lang='lat' dir='ltr'><strong>Mox</strong></span> <span class='ocrx_word' id='word_1_226' title='bbox 162 2234 225 2303; x_wconf 85' lang='lat' dir='ltr'><strong>ipsa</strong></span> <span class='ocrx_word' id='word_1_227' title='bbox 249 2243 353 2300; x_wconf 83' lang='lat' dir='ltr'><strong>eastre,</strong></span> <span class='ocrx_word' id='word_1_228' title='bbox 384 2237 539 2304; x_wconf 80' lang='lat' dir='ltr'><strong>legionibus</strong></span> <span class='ocrx_word' id='word_1_229' title='bbox 565 2239 667 2290; x_wconf 88' lang='lat' dir='ltr'><strong>circum</strong></span> <span class='ocrx_word' id='word_1_230' title='bbox 690 2239 759 2302; x_wconf 84' lang='lat' dir='ltr'><strong>atis,</strong></span> <span class='ocrx_word' id='word_1_231' title='bbox 791 2252 875 2306; x_wconf 89' lang='lat' dir='ltr'><strong>quum</strong></span> 
     </span>
     <span class='ocr_line' id='line_1_32' title="bbox 67 2304 876 2379; baseline 0 -23"><span class='ocrx_word' id='word_1_232' title='bbox 67 2305 189 2379; x_wconf 62' lang='lat' dir='ltr'><strong>Volscos</strong></span> <span class='ocrx_word' id='word_1_233' title='bbox 199 2304 264 2357; x_wconf 88' lang='lat' dir='ltr'><strong>inde</strong></span> <span class='ocrx_word' id='word_1_234' title='bbox 275 2307 361 2369; x_wconf 71' lang='lat' dir='ltr'><strong>etlam</strong></span> <span class='ocrx_word' id='word_1_235' title='bbox 372 2314 460 2374; x_wconf 76' lang='lat' dir='ltr'><strong>perer</strong></span> <span class='ocrx_word' id='word_1_236' title='bbox 471 2308 635 2375; x_wconf 81' lang='lat' dir='ltr'><strong>expulisset,</strong></span> <span class='ocrx_word' id='word_1_237' title='bbox 655 2316 739 2378; x_wconf 87' lang='lat' dir='ltr'><strong>capta</strong></span> <span class='ocrx_word' id='word_1_238' title='bbox 756 2308 876 2372; x_wconf 86' lang='lat' dir='ltr'><strong>direpta·</strong></span> 
     </span>
     <span class='ocr_line' id='line_1_33' title="bbox 68 2368 876 2445; baseline -0.004 -19"><span class='ocrx_word' id='word_1_239' title='bbox 68 2390 131 2443; x_wconf 86' lang='lat' dir='ltr'><strong>que.</strong></span> <span class='ocrx_word' id='word_1_240' title='bbox 168 2375 285 2427; x_wconf 87' lang='lat' dir='ltr'><strong>Postero</strong></span> <span class='ocrx_word' id='word_1_241' title='bbox 296 2376 340 2428; x_wconf 85' lang='lat' dir='ltr'><strong>die</strong></span> <span class='ocrx_word' id='word_1_242' title='bbox 351 2377 385 2428; x_wconf 89' lang='lat' dir='ltr'><strong>ad</strong></span> <span class='ocrx_word' id='word_1_243' title='bbox 397 2377 526 2430; x_wconf 86' lang='lat' dir='ltr'><strong>Suessam</strong></span> <span class='ocrx_word' id='word_1_244' title='bbox 537 2378 701 2441; x_wconf 87' lang='lat' dir='ltr'><strong>Pometiam,</strong></span> <span class='ocrx_word' id='word_1_245' title='bbox 717 2392 770 2445; x_wconf 91' lang='lat' dir='ltr'><strong>quo</strong></span> <span class='ocrx_word' id='word_1_246' title='bbox 781 2368 876 2427; x_wconf 84' lang='lat' dir='ltr'><strong>conlu-</strong></span> 
     </span>
     <span class='ocr_line' id='line_1_34' title="bbox 67 2442 874 2514; baseline -0.002 -18"><span class='ocrx_word' id='word_1_247' title='bbox 67 2450 167 2513; x_wconf 80' lang='lat' dir='ltr'><strong>gerant</strong></span> <span class='ocrx_word' id='word_1_248' title='bbox 183 2442 289 2509; x_wconf 84' lang='lat' dir='ltr'><strong>hostes,</strong></span> <span class='ocrx_word' id='word_1_249' title='bbox 311 2448 467 2514; x_wconf 83' lang='lat' dir='ltr'><strong>legionibus</strong></span> <span class='ocrx_word' id='word_1_250' title='bbox 483 2449 584 2512; x_wconf 87' lang='lat' dir='ltr'><strong>ductis,</strong></span> <span class='ocrx_word' id='word_1_251' title='bbox 604 2451 679 2500; x_wconf 86' lang='lat' dir='ltr'><strong>intra</strong></span> <span class='ocrx_word' id='word_1_252' title='bbox 692 2460 797 2513; x_wconf 84' lang='lat' dir='ltr'><strong>paucos</strong></span> <span class='ocrx_word' id='word_1_253' title='bbox 815 2442 874 2494; x_wconf 86' lang='lat' dir='ltr'><strong>dics</strong></span> 
     </span>
     <span class='ocr_line' id='line_1_35' title="bbox 66 2512 875 2586; baseline -0.001 -22"><span class='ocrx_word' id='word_1_254' title='bbox 66 2514 202 2581; x_wconf 90' lang='lat' dir='ltr'><strong>oppidum</strong></span> <span class='ocrx_word' id='word_1_255' title='bbox 214 2516 336 2580; x_wconf 81' lang='lat' dir='ltr'><strong>capitur:</strong></span> <span class='ocrx_word' id='word_1_256' title='bbox 351 2522 460 2584; x_wconf 85' lang='lat' dir='ltr'><strong>captum</strong></span> <span class='ocrx_word' id='word_1_257' title='bbox 472 2521 592 2586; x_wconf 86' lang='lat' dir='ltr'><strong>praedae</strong></span> <span class='ocrx_word' id='word_1_258' title='bbox 603 2519 711 2569; x_wconf 88' lang='lat' dir='ltr'><strong>datum:</strong></span> <span class='ocrx_word' id='word_1_259' title='bbox 723 2512 787 2565; x_wconf 87' lang='lat' dir='ltr'><strong>inde</strong></span> <span class='ocrx_word' id='word_1_260' title='bbox 798 2512 875 2580; x_wconf 82' lang='lat' dir='ltr'><strong>paul-</strong></span> 
     </span>
     <span class='ocr_line' id='line_1_36' title="bbox 68 2580 874 2654; baseline -0.001 -20"><span class='ocrx_word' id='word_1_261' title='bbox 68 2585 126 2635; x_wconf 91' lang='lat' dir='ltr'><strong>lum</strong></span> <span class='ocrx_word' id='word_1_262' title='bbox 136 2590 282 2637; x_wconf 83' lang='lat' dir='ltr'><strong>recreatus</strong></span> <span class='ocrx_word' id='word_1_263' title='bbox 293 2602 376 2654; x_wconf 84' lang='lat' dir='ltr'><strong>egens</strong></span> <span class='ocrx_word' id='word_1_264' title='bbox 387 2588 476 2640; x_wconf 83' lang='lat' dir='ltr'><strong>miles.</strong></span> <span class='ocrx_word' id='word_1_265' title='bbox 496 2589 598 2640; x_wconf 83' lang='lat' dir='ltr'><strong>Consul</strong></span> <span class='ocrx_word' id='word_1_266' title='bbox 610 2601 671 2638; x_wconf 90' lang='lat' dir='ltr'><strong>cum</strong></span> <span class='ocrx_word' id='word_1_267' title='bbox 682 2585 804 2636; x_wconf 75' lang='lat' dir='ltr'><strong>maxime</strong></span> <span class='ocrx_word' id='word_1_268' title='bbox 816 2580 874 2650; x_wconf 84' lang='lat' dir='ltr'><strong>glo-</strong></span> 
     </span>
     <span class='ocr_line' id='line_1_37' title="bbox 65 2650 885 2711; baseline -0.006 -5"><span class='ocrx_word' id='word_1_269' title='bbox 65 2655 109 2706; x_wconf 84' lang='lat' dir='ltr'><strong>rie</strong></span> <span class='ocrx_word' id='word_1_270' title='bbox 130 2669 182 2706; x_wconf 84' lang='lat' dir='ltr'><strong>sua</strong></span> <span class='ocrx_word' id='word_1_271' title='bbox 202 2654 338 2710; x_wconf 74' lang='lat' dir='ltr'><strong>sietorem</strong></span> <span class='ocrx_word' id='word_1_272' title='bbox 353 2658 506 2711; x_wconf 84' lang='lat' dir='ltr'><strong>exercitum</strong></span> <span class='ocrx_word' id='word_1_273' title='bbox 523 2650 644 2711; x_wconf 82' lang='lat' dir='ltr'><strong>Ronmm</strong></span> <span class='ocrx_word' id='word_1_274' title='bbox 656 2654 784 2709; x_wconf 60' lang='lat' dir='ltr'><strong>deiude.</strong></span> <span class='ocrx_word' id='word_1_275' title='bbox 803 2653 885 2704; x_wconf 69' lang='lat' dir='ltr'><strong>bece-</strong></span> 
     </span>
    </p>
   </div>
   <div class='ocr_carea' id='block_1_3' title="bbox 0 0 934 2978">
    <p class='ocr_par' dir='ltr' id='par_1_4' title="bbox 0 0 934 2978">
     <span class='ocr_line' id='line_1_38' title="bbox 0 0 934 2978; baseline 0 0"><span class='ocrx_word' id='word_1_276' title='bbox 0 0 934 2978; x_wconf 95' lang='lat' dir='ltr'><strong> </strong></span> 
     </span>
    </p>
   </div>
  </div>
 </body>
</html>
