1860 2978
93 119 311 172 LIB.1H.CAP.
330 106 429 173 nubs.
443 120 592 188 [nossa
610 121 642 175 s.
654 125 683 176 c.
695 106 765 191 un]
800 124 852 177 21⁷

49 225 113 277 luit.
150 224 284 277 Consules
296 240 331 276 ex
341 225 495 290 composito
506 224 605 279 eodeni
616 227 701 280 biduo
712 230 749 281 ad
758 232 854 282 urbem

49 309 201 355 accessere,
214 299 394 360 senatumque
404 297 434 345 in
443 296 576 347 Martium
587 313 712 365 campum
724 315 855 351 eirocave¹

50 381 87 416 re.
118 364 172 415 Ubi
187 380 268 430 quum
286 364 319 414 de
333 365 415 415 rebus
429 367 462 417 ab
475 382 504 416 se
519 369 606 435 gestis
618 375 746 435 agerent,
764 369 855 434 questi.

50 434 315 502 prirnoresPatrum,
328 442 454 486 serratum
464 436 537 487 inter
549 438 652 489 milites
663 439 758 490 dedita
769 453 855 503 opera

49 504 168 557 terroris
178 518 262 553 eausa
272 501 376 555 haberi.
413 506 509 571 ltaque
518 507 584 559 inde
595 509 736 569 consules,
756 523 790 558 ne
803 507 861 556 ori-

49 572 199 625 minationi
214 572 293 624 lorus
308 581 394 637 esset,
414 575 443 625 in
456 583 539 641 prata
551 576 702 638 Flaminia,
724 577 773 628 ubi
784 592 856 626 nunu

50 643 135 697 aedes
144 642 281 708 Apollinis
294 649 347 706 est,
368 645 434 706 (iam
451 651 512 696 tum
527 647 716 712 Apollinarem
732 646 855 712 appella·

50 714 128 775 baut)
144 726 296 764 avocavere
315 720 450 766 senatum.
486 714 540 766 Ubi
561 731 644 782 quum
664 716 773 783 ingenti
793 730 856 765 eon-

50 797 134 836 seusu
142 780 259 832 Patrum
273 791 423 850 negaretur
432 783 603 851 triumphus,
621 785 655 837 L.
665 785 758 836 Icilius
767 785 860 835 tribu·

50 868 102 904 nus
119 851 209 917 plebis
224 851 292 902 tulit
308 852 344 903 ad
360 854 491 919 pupulum
502 854 536 907 de
548 855 687 922 triumpho
704 854 856 913 consulum,

48 921 149 973 miultis
160 919 317 973 dissuasum
328 923 543 988 prodeuntibus,
563 927 684 977 maxime
695 926 724 976 c.
737 922 855 975 Claudio

49 988 238 1054 vociferante,
257 988 302 1043 De
312 992 460 1056 Patribus,
480 994 573 1046 nonde
584 994 717 1056 hostibus,
738 994 856 1046 eonsules

50 1058 222 1127 triumphare
232 1064 298 1114 aelle
304 1079 316 1123 ,¹
333 1062 509 1132 gratiamque
524 1079 579 1133 pro
593 1063 704 1132 privato
718 1062 814 1112 merito
826 1060 857 1112 in

50 1131 200 1192 retusum,
221 1147 273 1184 non
281 1148 334 1197 pro
344 1131 448 1183 uirtute
458 1131 593 1193 honorem,
610 1133 678 1198 peti.
715 1129 858 1195 Nunquam

49 1209 116 1255 ante
126 1200 158 1252 de
168 1199 304 1266 triumpho
310 1216 361 1265 per
370 1203 498 1267 papulum
506 1208 612 1254 aetum.-
623 1215 724 1267 semper
733 1196 858 1249 aestima-

50 1270 152 1324 umens
162 1267 359 1333 arbitriumque
369 1270 426 1320 eius
441 1268 549 1322 bononis
563 1285 642 1336 penes
653 1276 774 1321 senatum
784 1264 858 1338 fleis-

49 1357 94 1395 se.-
113 1356 147 1391 ne
157 1353 234 1406 reges
244 1337 348 1404 quidem
357 1339 530 1392 maiestatem
544 1340 640 1393 summi
656 1336 758 1392 ordinis
771 1335 858 1389 immi·

40 1409 151 1464 'subse
186 1405 227 1460 Ne
242 1407 285 1460 ita
302 1409 392 1460 omnia
412 1409 516 1461 tribuni
533 1409 679 1475 potestatis
689 1424 753 1461 suae
767 1407 856 1474 impte-

48 1486 123 1542 rest,
134 1485 167 1537 ut
175 1478 279 1531 uallum
285 1475 424 1544 psaesens
433 1477 573 1531 eonsilium
585 1477 704 1531 sinerent
713 1494 777 1530 esse.
813 1477 859 1528 lta

49 1547 281 1603 deruamliberam
291 1545 427 1600 civitatem
443 1549 518 1621 fore,
536 1547 580 1600 ita
590 1555 723 1617 aequatas
734 1550 819 1616 leges,
835 1545 860 1597 si

49 1633 104 1673 stra
117 1615 229 1685 quisque
240 1615 304 1668 iura
318 1618 396 1679 ordo,
415 1632 492 1670 suam
507 1617 677 1671 maiestatem
693 1625 792 1671 teneat.
827 1615 858 1666 ln

49 1686 171 1743 eandem
180 1686 348 1738 sententiam
357 1685 448 1738 multa
458 1693 487 1738 et
497 1702 515 1737 a
525 1689 626 1739 ceteris
641 1686 797 1738 senioribus
808 1684 858 1735 Pa-

49 1767 128 1811 trum
139 1771 223 1824 quum
233 1761 326 1808 essent
337 1755 425 1818 dieta,
446 1771 540 1807 omnes
555 1756 646 1807 tribus
657 1772 718 1808 eam
732 1755 857 1822 rogatio·

51 1842 116 1880 nem
129 1831 303 1892 aeceperunt.
339 1827 409 1876 Tum
423 1825 550 1891 primum,
567 1825 627 1876 sine
639 1824 808 1876 auctoritate
818 1838 859 1874 se·

51 1913 91 1951 na
104 1912 146 1958 us,
157 1896 252 1963 populi
262 1897 340 1946 iussu
349 1894 552 1959 triumphatum
563 1898 614 1944 est.

132 1964 207 2017 XlV.
235 1966 316 2016 Haeo
326 1963 446 2013 uictoria
460 1964 633 2013 tribunorum
644 1960 787 2028 plebisque
797 1972 860 2025 pro-

51 2052 88 2103 pe
103 2034 134 2085 iu
144 2032 218 2085 baud
228 2035 368 2085 salubrem
385 2032 523 2082 luxuriam
534 2032 632 2094 vertit,
653 2029 860 2096 conspiratione

51 2109 130 2157 inter
138 2103 266 2155 tribunos
277 2104 361 2163 iacta,
371 2107 404 2152 ut
412 2102 497 2154 iidem
508 2100 612 2152 tribuni
622 2101 809 2163 reficerentur,
821 2105 859 2162 et,

53 2189 108 2242 quo
117 2188 169 2225 sua
178 2175 269 2224 minus
280 2172 419 2240 cupiditas
429 2172 570 2234 emineret,
581 2171 739 2223 consulibus
750 2184 860 2238 quoque

54 2245 251 2297 continuarent
261 2243 464 2310 magistratum.
492 2243 661 2294 consensum
671 2240 786 2293 l'atrum
798 2256 860 2292 cau·

54 2313 200 2373 sanantur,
211 2327 266 2379 quo
277 2327 327 2379 per
336 2310 533 2364 contumelium
544 2313 687 2364 consulum
696 2313 760 2362 iura
770 2311 860 2376 plebis

53 2381 198 2434 labefacta
208 2387 308 2434 essent.
347 2381 421 2446 Quid
424 2382 562 2453 futurum,
573 2384 691 2435 nondum
691 2379 817 2450 firmatis
828 2380 863 2427 te·

52 2451 147 2521 gibus,
159 2448 183 2500 si
191 2466 270 2503 nosos
280 2452 402 2506 tribanos
413 2453 605 2525 perfectiones
614 2467 677 2502 sasas
687 2450 806 2501 eonsules
815 2446 862 2496 ad·

56 2520 114 2573 orti
134 2521 240 2572 essent?
260 2538 313 2574 non
333 2523 403 2575 enim
423 2537 526 2590 semper
544 2521 665 2573 Valerios
680 2516 863 2580 Horatiosque

55 2593 177 2643 eonsules
192 2590 269 2662 fore,
288 2591 335 2659 qui
353 2591 476 2645 libertati
492 2592 579 2660 plebis
595 2604 658 2640 suas
670 2602 731 2653 opes
742 2584 862 2665 postfer-

55 2668 128 2713 rent.
163 2660 250 2714 Forte
270 2660 389 2725 quadarn
409 2661 473 2713 utili
494 2660 530 2713 ad
550 2666 674 2724 tempus,
689 2661 728 2706 ut
748 2659 883 2706 aarum
