1860 2978
69 108 383 166 111B.V.Cs?.51.52.
407 112 452 181 [u.
464 111 492 163 c.
503 114 562 168 ιιι.
572 112 605 164 A.
617 112 646 163 e.
656 111 725 180 nse]
761 113 811 166 ιιι

24 239 120 274 tersas:
129 224 271 276 inuenietis
282 226 371 277 omnia
379 242 508 293 prospere
519 226 632 277 euertisse
643 224 813 288 sequentibus

24 293 84 353 leos,
95 292 207 345 aduersa
218 294 411 361 spernentibus.
438 295 497 346 Iam
510 295 624 346 antestium
632 293 749 360 polonum
766 292 813 345 Ve-

24 361 72 412 sscus
90 360 184 412 bellum
201 368 260 430 (per
272 374 336 428 qetot
348 381 442 425 orroeos,
465 374 564 431 queunte
576 364 666 415 lubere
677 371 784 430 gestum
792 364 801 412 l
801 369 814 424 )

24 446 71 482 ton
86 440 149 481 ante
163 434 232 499 cepit
243 433 342 501 finem,
362 450 441 502 qssam
454 435 558 484 oroouitu
576 434 684 485 deorum
699 448 769 498 aqrtu
781 450 815 482 ex

24 501 79 550 luen
89 498 192 552 Albano
209 503 303 553 emissa
314 513 361 554 est.
402 501 475 566 Quid
489 501 556 556 baec
570 503 677 555 taudem
688 501 761 552 urbis
771 520 814 553 rto·

24 575 92 618 urae
102 570 190 620 eludes
199 573 287 623 noea?
307 589 368 624 nuru
379 582 443 626 ante
453 581 550 625 exorta
561 581 614 634 est,
633 587 712 638 quam
722 579 815 638 spreta

24 652 71 693 rou
81 640 152 690 coela
161 640 257 705 ¹emimu
268 641 299 691 de
310 643 425 696 aduentu
433 643 591 696 Gallorum?
602 656 683 710 quum
690 640 815 708 gentium

24 704 62 757 ius
72 706 106 757 ab
118 709 216 788 legatis
227 712 328 763 nostris
341 711 487 764 uiolatum!
508 727 587 780 quam
598 728 615 764 u
627 709 714 772 nobis,
734 725 816 775 quum

24 773 152 826 vindicare
163 777 278 842 deberet,
298 783 388 833 eodem
399 781 566 851 negligentia
577 781 685 832 deorum
691 788 817 846 praeter·

24 844 146 897 ntesunt
155 845 248 914 Igitur
257 847 450 919 oietieoptique
462 868 494 902 ae
504 850 634 917 redempti
641 857 748 900 tantum
754 864 818 915 poe·

24 929 116 966 nurum
131 913 183 966 diis
198 915 398 988 hominibusque
414 920 545 981 dedimus,
567 928 598 970 ut
612 927 749 969 terrarum
760 915 819 967 orbi

24 984 174 1036 documento
184 1002 305 1038 essemus.
323 987 457 1040 Alienae
468 989 560 1041 deinde
570 1001 613 1038 ret
623 988 820 1038 admonuerunt

24 1051 188 1121 religionum.
229 1053 409 1126 confingimus
424 1057 453 1110 iu
465 1055 627 1124 Capitolium
641 1056 678 1106 ud
687 1054 762 1119 deos,
783 1053 820 1105 ad

24 1120 107 1173 sedem
117 1121 188 1175 Iovis
199 1125 294 1192 optimi
304 1126 417 1178 ersaximi
423 1145 432 1177 .·
451 1142 531 1180 saera
542 1127 571 1178 in
581 1122 662 1178 ruina
673 1139 764 1174 rerum
774 1139 820 1174 no·

24 1199 141 1242 serarum
151 1193 208 1245 alia
219 1203 311 1245 terrae
321 1194 476 1257 celavimus,
496 1193 567 1258 alio,
588 1200 682 1245 auecta
693 1190 817 1260 infiniti·

24 1275 78 1311 mas
99 1260 190 1323 urbes,
215 1262 359 1314 amouimus
380 1263 413 1315 ab
434 1262 549 1316 bostium
570 1261 661 1316 oculis.
697 1257 820 1311 Deorum

24 1330 132 1391 tultum,
142 1330 241 1382 deserti
250 1331 283 1382 ab
295 1331 346 1383 diis
356 1331 566 1400 bominibusque,
576 1341 666 1384 tamen
675 1347 728 1383 non
738 1327 823 1382 inter·

24 1398 149 1450 misimus.
183 1398 332 1452 Reddldere
343 1401 573 1473 igiturpatriam,
585 1410 613 1454 et
623 1399 774 1464 uictoriam,
794 1407 822 1451 et

24 1466 161 1533 antiquum
172 1468 234 1522 belli
245 1470 323 1523 decus
332 1472 474 1526 amissum:
493 1482 520 1526 et
530 1471 559 1526 in
569 1471 670 1535 bostes,
709 1469 737 1522 ui
747 1465 822 1522 caeci

24 1536 142 1590 auaritia
156 1537 185 1592 in
196 1541 315 1608 pondere
330 1544 394 1596 auri
400 1544 501 1617 foedus
510 1559 543 1596 oc
550 1542 635 1615 fidem
644 1488 822 1615 sesillerunt,

24 1615 160 1661 verterunt
170 1618 300 1663 terrorem
364 1630 458 1682 araque
469 1624 496 1667 et
505 1614 619 1667 caedem.

72 1675 130 1728 Lll.
150 1677 227 1733 Haec
241 1684 308 1733 culti
322 1684 489 1752 neglectique
504 1683 621 1736 numinis
637 1687 718 1734 tanta
728 1693 820 1730 monu-

24 1754 113 1798 menta
123 1746 152 1799 iu
161 1747 368 1803 rebusbumanis
375 1760 522 1814 cernentes,
533 1751 628 1819 ecquid
631 1749 747 1813 sentitis,
755 1747 820 1811 Qui-

24 1815 100 1878 rs'tes,
120 1827 251 1884 quantum
268 1817 377 1870 uixdum
397 1837 411 1872 e
429 1819 592 1891 naufragiis
609 1817 711 1885 prioris
725 1819 820 1882 culpae

24 1884 157 1954 cladisque
162 1894 325 1956 unergentcs
331 1904 461 1954 paremus
466 1887 563 1959 nesus?
576 1885 672 1936 Urbem
677 1884 819 1952 auspicato

24 1953 237 2024 inauguratoque
251 1955 388 2007 conditam
401 1955 543 2008 babemus:
565 1956 654 2007 nullus
665 1954 737 2004 loeas
748 1951 776 2004 in
787 1968 819 2004 ea

24 2039 71 2076 'son
85 2022 247 2094 religionum
261 2024 418 2092 deorumque
428 2033 469 2077 est
479 2026 591 2093 plenus.-
611 2021 755 2091 sacrificiis
770 2022 821 2073 sol-

24 2092 140 2144 renuitae
150 2109 202 2146 non
214 2092 268 2143 dies
279 2093 366 2162 magis
376 2093 453 2158 stati,
489 2108 553 2145 uam
563 2096 621 2146 loca
634 2099 704 2154 sunt,
722 2090 751 2142 in
763 2089 818 2158 qni

24 2160 154 2230 busflunt.
186 2160 244 2212 Hos
255 2177 342 2214 omnes
352 2162 420 2225 deos,
430 2110 550 2230 publicos
558 2161 741 2231 priuatosque,
753 2159 819 2224 Qui-

24 2229 99 2292 ures,
115 2230 248 2282 deserturi
258 2229 340 2282 estis?
360 2229 446 2294 Quam
452 2246 509 2301 par
519 2241 639 2285 uestrum
647 2232 818 2303 factumest,

24 2299 92 2362 quod
99 2298 129 2350 in
139 2298 272 2352 obsidione
283 2316 368 2367 nuper
381 2300 410 2354 in
425 2319 438 2352 c
475 2301 535 2371 egio
546 2296 710 2355 adolescente
723 2297 752 2349 C.
762 2298 817 2349 Fa·

24 2364 75 2427 bio,
94 2383 147 2420 non
162 2368 262 2421 minore
276 2367 392 2422 bostium
412 2387 429 2421 u
447 2371 605 2434 miratione,
624 2384 704 2437 quum
717 2376 817 2430 oestro,

24 2445 187 2503 conspectum
198 2447 238 2490 est
245 2455 256 2498 ‚⁰
271 2456 350 2507 quum
359 2439 432 2492 inter
446 2441 554 2493 Gallica
565 2443 619 2492 tela
632 2440 772 2505 degressus
782 2452 816 2486 ex

24 2520 82 2556 arce
96 2507 212 2559 sollenne
225 2507 327 2562 Fabiae
339 2509 429 2579 gentis
446 2509 475 2562 in
491 2512 556 2561 ealle
576 2504 720 2580 Quirinali
735 2503 825 2576 alem

24 2573 64 2626 dn
71 2575 215 2644 gentilicia
224 2594 303 2632 samu
313 2595 346 2633 ne
355 2578 387 2634 in
398 2578 468 2633 bello
479 2577 592 2645 quidem
601 2572 872 2659 interneciuum-w

24 2643 176 2702 tlieusarra
186 2647 365 2709 etRomanos
383 2648 552 2708 demetiam
567 2644 601 2697 im
614 2655 690 2706 “tm
704 2631 836 2680 mm
