1860 2978
298 106 613 173 PRAEFATIO.
839 124 857 161 v

53 239 139 297 quam
150 220 278 277 oblatam
290 219 325 277 de
337 219 414 276 Livii
425 220 506 277 libris
518 216 727 275 benemerendi
732 219 858 275 occasio-

53 314 120 353 uem
139 295 303 365 dimittere3
325 296 496 383 praesertim
511 312 599 369 quum
613 290 785 349 Bllrnincrus
795 292 858 349 diu-

52 379 172 426 turuum
190 369 296 425 codicis
307 364 476 443 Lipsiensis,
499 386 537 423 cx
554 385 610 442 quo
621 364 778 445 Longolius
790 366 858 421 oliui

52 438 295 500 Drakenborehio
323 451 457 516 quattuor
482 443 611 517 priorum
639 440 778 497 librorum
807 459 858 496 cx·

53 526 154 592 carpta
172 516 305 572 submisit
322 526 353 573 et
369 534 453 591 quem
489 525 569 572 osteo
579 514 733 571 Ernestius
743 516 858 590 penitus

55 608 232 647 excussurus
245 599 317 660 erat,
327 608 411 647 usum
452 590 460 605 ⁰
482 590 711 668 ibonignissime
721 590 857 645 concede·

55 675 114 735 ret,
136 676 226 739 atquo
241 673 357 738 practer
370 666 427 720 alia
437 666 556 720 minoris
567 664 705 721 momenti
714 665 860 738 praesidia

56 740 195 795 eximium
211 738 296 813 plane
314 746 345 793 et
360 757 429 794 vere
446 740 562 794 unicum
580 738 765 813 necopinanti
786 736 860 793 mibi

57 812 174 869 aliunde
193 811 468 869 subministraretur.
507 811 686 888 Kopitorios
700 814 790 881 anun,
809 831 859 867 su-

56 902 172 960 premus
184 885 373 943 bibliothecae
384 886 614 943 vindobonensis
625 894 732 956 custos,
744 884 860 942 Boetti-

55 960 123 1035 gon·
138 959 274 1035 precibus
290 970 446 1017 commotus
471 960 597 1017 codicem
618 961 688 1017 olim
704 959 860 1017 Laurisha·

56 1050 194 1102 mensem,
206 1051 282 1089 nuuc
294 1032 558 1103 vindobonensem,
571 1053 608 1089 ex
621 1053 676 1109 quo
691 1033 859 1108 Gryneeom

58 1108 185 1183 quinque
196 1116 366 1181 postremos,
375 1109 426 1183 qui
438 1116 603 1182 supersunt,
614 1106 692 1163 Livii
700 1108 789 1163 libros
800 1108 861 1181 pri-

10 1202 13 1235 ι
57 1198 133 1238 mum
145 1183 296 1258 evulgasse
309 1190 431 1252 constat,
444 1183 539 1239 denuo
549 1190 747 1257 perscrutatus
760 1190 804 1237 est
815 1189 860 1237 ot-

76 1273 184 1317 ue0non
194 1257 286 1309 solum
298 1272 409 1308 omnem
415 1259 570 1310 lectionum
577 1254 859 1327 varietatem,aDra-

59 1271 235 1385 dcuborcbio
247 1328 430 1402 cupidissime
441 1330 612 1404 expetitam,
625 1330 779 1408 diligenter
790 1348 860 1385 cno-

61 1404 144 1475 tavit,
152 1402 206 1461 sed
216 1403 303 1458 etiarn
314 1402 434 1458 subinde
445 1422 496 1477 per
508 1404 644 1474 epistolas
655 1425 675 1460 a
684 1424 771 1462 mero
792 1414 858 1461 atus

63 1477 97 1534 de
107 1478 181 1533 locis
194 1477 401 1551 compluribus,
424 1479 474 1551 qui
486 1479 610 1552 aliquam
620 1476 759 1535 haberent
772 1425 860 1536 dubi·

62 1552 215 1623 tationem,
238 1553 364 1608 codiccm
381 1552 457 1608 lcctu
473 1551 672 1610 difficillimum
688 1555 793 1610 iterum
805 1555 861 1608 ite·

61 1643 181 1700 rumque
192 1627 337 1682 consuluit
350 1636 379 1682 ct
393 1627 522 1704 singulos
542 1628 690 1684 literarum
706 1630 801 1703 apices
817 1627 861 1682 ri·

63 1710 155 1757 matus
168 1709 215 1757 cst
228 1696 281 1778 ¹¹).
304 1699 358 1757 His
371 1702 461 1777 igitur
472 1702 624 1776 praesidiis
641 1703 755 1758 adiutus
769 1701 860 1767 effeci,

61 1782 102 1845 ut,
114 1792 203 1851 quurn
213 1785 324 1832 textum
341 1774 605 1833 aDrakenborchio
617 1776 653 1831 ad
666 1779 792 1833 rationes
805 1776 861 1830 cri-

10 1843 17 1887 l
61 1849 134 1905 tices
158 1851 346 1906 constitutum
368 1852 400 1907 in
419 1853 511 1925 prima
532 1851 676 1923 tertioque
700 1850 805 1906 decade
823 1866 860 1904 cx

10 1932 17 1999 ᾗ
61 1922 183 1979 aliorum
199 1925 365 1998 plerumque
383 1926 527 1979 sententia
546 1925 654 1996 possim
678 1923 861 1983 correxerim,

12 2020 15 2035 ·
60 1994 92 2051 ἰιι
102 2005 206 2072 quarto
217 2006 312 2053 autem
319 1998 435 2067 decade,
441 1998 515 2053 libro
526 1997 707 2073 potissimum
715 1997 860 2053 tricesimo

10 2092 29 2328 t
84 2171 122 2225 11)
137 2173 189 2221 Quo
202 2171 274 2223 mgis
288 2176 363 2214 autern
373 2172 529 2229 Κορίιιινίιιι,
547 2172 602 2214 licet
615 2172 699 2214 iterata
710 2171 791 2214 codicis
802 2173 861 2215 auti-

57 2227 161 2285 quisslni
167 2226 261 2270 collatio
270 2241 314 2270 ιιοιι
321 2229 389 2282 plane
397 2241 564 2282 supervacanea
573 2240 624 2270 csso
634 2228 749 2275 videatur,
760 2227 800 2269 linc
811 2229 861 2270 offi-

58 2284 92 2326 cio
103 2296 151 2327 non
157 2294 194 2325 ιιι
203 2282 288 2332 solum,
304 2284 344 2325 sed
354 2297 431 2326 omnes
441 2285 530 2326 omnine
539 2282 601 2327 Livii
609 2289 720 2326 amatores
730 2284 860 2329 obstrinxit,

12 2329 18 2403 Ξ
58 2350 84 2381 ιο
93 2338 211 2383 lubentius
220 2339 419 2392 profiteanverbs:
430 2343 554 2383 mercedem
562 2339 859 2396 braudpuopuamaperm-

58 2394 174 2437 dameam
182 2392 311 2448 bibliopola
321 2395 483 2438 liberalissimo
491 2401 591 2452 pactus,
601 2396 689 2451 quaein
700 2394 805 2436 alitionis
815 2404 861 2432 ιιιιι-

56 2447 112 2491 ioris
124 2450 268 2505 praefatione
281 2464 303 2504 p.
313 2454 332 2493 9.
342 2452 454 2502 leguntur,
465 2467 509 2493 non
519 2452 547 2493 sd
557 2453 606 2493 cius
617 2450 817 2505 vituperationem,
836 2445 861 2487 id

10 2528 15 2546 ι
59 2506 117 2560 quod
126 2519 151 2548 sc
161 2506 273 2559 suspicari
284 2519 324 2559 per
336 2506 458 2563 Groefimn
467 2521 552 2556 inerim,
571 2508 678 2560 optimum
688 2502 772 2555 gratiae
783 2515 860 2544 recon-

59 2561 193 2610 alliatorcm,
200 2560 403 2613 mihhignfficovst,
412 2563 453 2604 sed
464 2564 491 2603 sd
501 2563 606 2603 librariae
612 2559 863 2613 lVoillnrarrniaa,‹prue

60 2618 173 2670 octoginta
183 2620 271 2670 acptum
278 2618 407 2673 imperiales
416 2619 440 2661 in
446 2617 512 2662 huius
518 2616 800 2676 rcisunrptumcrouau'it,
806 2626 880 2671 prus-

23 2694 26 2701 ·
64 2671 200 2719 diaatiousm
207 2673 331 2728 pertineto.
