1898 3292
38 466 127 558 Q
146 464 282 519 ciam.
295 465 336 520 50.
357 467 403 535 [U-
416 468 445 518 c.
456 485 514 520 220.
534 444 602 519 ucss
614 470 683 536 532]
718 472 752 523 67

38 579 128 641 uiuit,
148 594 285 630 summam
301 581 434 646 pecuniae
449 595 538 647 neque
554 594 590 632 ex
600 580 682 632 unius
693 587 753 632 tum

38 647 140 715 praeda
149 649 322 715 sperandam,
333 656 361 701 et
369 651 482 713 nullius,
492 667 527 703 ne
534 648 752 718 horumquidem

38 716 172 770 tinentiae
187 734 316 788 operum,
334 719 517 773 fundamenta
532 735 588 772 mm
606 735 753 788 exsupera·

38 854 72 908 (1,
89 856 215 908 intentus
224 858 394 923 perficiendo
405 859 520 927 templo,
531 858 618 911 fabris
628 859 750 927 undique

38 926 108 977 uria
119 927 231 988 accitis,
253 942 308 977 mm
318 932 436 995 pecunia
446 931 539 982 solum
550 929 587 981 ad
596 930 627 981 id
637 929 752 996 publiea

39 1012 77 1059 us,
87 995 136 1047 sed
146 996 239 1063 operis
251 996 334 1047 etiam
346 1000 480 1064 explebe.
517 1000 573 1062 Qui
584 1014 666 1066 quum
676 997 752 1051 haud

39 1082 48 1117 ι
60 1070 89 1117 et
99 1066 160 1132 ipse
170 1065 288 1118 miiitiae
299 1066 449 1118 adderetur
457 1070 547 1133 labor,
557 1069 649 1120 minue
656 1075 751 1120 tamen

39 1134 220 1203 gravabatur,
242 1151 272 1187 ee
282 1136 387 1203 templa
402 1136 484 1187 deum
500 1138 684 1190 exaedificare
694 1152 751 1188 ma·

39 1204 110 1256 auia:
123 1219 193 1272 quae
204 1204 321 1271 posthae
332 1214 360 1257 et
370 1205 407 1256 ad
417 1206 481 1269 alia,
490 1212 522 1257 ut
534 1208 626 1273 specie
635 1207 752 1267 minora,

39 1274 111 1326 toria
126 1275 268 1341 aliquanto
284 1276 415 1336 maioris,
434 1275 633 1328 traducebatur
651 1290 751 1342 opem

39 1343 65 1394 iu
76 1344 150 1395 circu
161 1343 320 1406 iaciendos,
342 1345 520 1412 cloacamque
529 1346 688 1406 maximam,
709 1360 751 1396 re·

39 1412 124 1464 mium
135 1415 257 1465 omnium
269 1419 516 1482 purgamentorum
525 1414 617 1476 urbia,
635 1414 686 1464 tub
697 1420 752 1465 ter·

75 1482 169 1534 udam:
180 1484 279 1551 quibus
291 1484 398 1535 duobus
409 1483 591 1550 operibusrix
601 1494 674 1533 aava
683 1480 752 1535 haec

39 1554 41 1563 '
65 1552 158 1604 centia
169 1553 315 1620 quiequam
326 1553 484 1620 adaequare
495 1553 597 1620 potuit.
615 1551 752 1605 Hialabo·

39 1622 160 1676 exercita
170 1622 258 1689 plebe,
278 1623 344 1689 quia
354 1629 383 1674 et
394 1624 458 1676 urbi
467 1620 685 1685 multitudinem,
703 1622 750 1675 ubi

39 1706 80 1743 ion
91 1698 171 1752 esset,
183 1692 261 1743 oneri
273 1692 387 1743 rebatur
397 1708 466 1753 esee,
481 1701 510 1744 et
521 1693 628 1744 colonia
639 1692 748 1744 mittem

39 1763 145 1829 :cupari
160 1762 246 1813 latius
260 1761 371 1826 imperii
392 1761 461 1815 fines
478 1763 606 1826 volebat3
624 1760 749 1829 Signiam

40 1847 127 1899 osque
137 1832 251 1883 colonos
262 1832 348 1894 misit,
366 1832 508 1899 praesidia
517 1833 581 1884 urbi
591 1831 686 1882 futura
697 1841 750 1883 ter·

39 1902 123 1969 rique.
151 1901 230 1953 Haec
240 1902 335 1969 agenti
344 1908 503 1968 portentum
513 1901 641 1954 terribile
649 1900 750 1951 viruur.

39 1987 65 2035 a,
83 1986 118 2023 ex
130 1971 260 2023 columna
269 1971 364 2039 lignea
378 1972 501 2039 elapsus,
521 1986 604 2038 quum
614 1977 749 2022 terrorem

39 2055 97 2108 ¹que
110 2041 139 2091 in
154 2041 260 2107 regiam
276 2040 402 2103 fecissen
423 2042 512 2107 ipsius
528 2040 601 2108 regie
621 2055 676 2091 non
690 2046 749 2089 tum

50 2124 153 2176 pavore
165 2110 285 2176 perculit
297 2116 402 2177 peetus,
423 2125 505 2178 quam
516 2111 609 2161 anxiis
623 2107 751 2175 implevit

54 2180 152 2246 itaque
163 2194 246 2246 quum
257 2179 294 2231 ad
303 2180 416 2246 publica
427 2179 557 2245 prodigia
567 2178 679 2229 Etrusci
690 2185 750 2227 tan·

39 2256 97 2301 atta
108 2246 319 2308 adhiberentur,
340 2246 394 2298 hoe
406 2248 481 2298 velut
495 2246 650 2296 domestico
661 2252 751 2295 exter·

40 2316 114 2381 vitu,
132 2316 258 2385 Delphos
279 2317 315 2369 ad
332 2316 453 2368 maxime
465 2314 603 2366 inclutum
622 2317 652 2364 in
666 2313 751 2365 terri·

39 2388 91 2439 ium
109 2387 222 2440 mittere
243 2387 354 2439 statuit:
374 2401 463 2453 neque
484 2399 619 2451 responsa
632 2383 751 2434 sortium

40 2458 62 2508 ii
73 2458 248 2509 committere
258 2472 349 2519 ausus,
369 2454 439 2508 duos
450 2455 524 2506 iiiios
534 2454 706 2522 perignotae
716 2468 751 2505 ea

40 2532 112 2579 etate
122 2532 223 2589 terras,
236 2527 380 2595 ignotiora
388 2526 486 2588 maria,
503 2526 531 2577 iu
541 2524 691 2578 Graeciam
702 2524 751 2574 mi-

40 2596 112 2648 i'itua
122 2603 151 2649 et
161 2598 250 2648 Aruns
262 2594 382 2663 proiecti
427 2595 526 2649 Comen
536 2594 580 2647 im
591 2594 704 2647 additus
717 2592 748 2643 1..

40 2664 166 2729 imatus,
181 2666 336 2733 Tarquinia
346 2680 443 2717 aurore
454 2668 530 2735 regis
540 2672 629 2727 natira,
639 2661 750 2715 iuvenis

43 2735 344 2803 aliueingeuio‚quam
354 2729 750 2788 eumaaimulationemindue·
855 2750 860 2758 ·

40 2806 71 2869 ie,
90 2820 172 2873 quum
183 2807 319 2872 primores
331 2806 463 2868 civitatis,
483 2804 622 2871 inquibus
633 2799 750 2849 fratrem

40 2875 77 2929 ab
99 2877 235 2927 avunculo
255 2874 435 2927 interiectum
455 2874 594 2932 audieret,
616 2880 705 2932 neque
719 2862 750 2915 ¹¹¹

51 2959 102 2997 auo
113 2945 258 3014 quicquam
268 2945 328 3012 regi
338 2944 503 3004 timendum,
523 2953 612 3006 neque
620 2936 650 2986 in
661 2933 750 2985 fortu-

40 3015 240 3084 ieupiacendum
251 3016 408 3086 relinquere
413 3012 528 3076 statuit,
540 3011 768 3075 euutemutuuua

500 3086 558 3141 1⁴32
