1860 2978
68 176 207 230 trarv.
226 175 406 231 creusae.
425 178 468 245 [a.
482 179 622 233 cotos.
635 177 744 244 o.41;.]
772 179 823 229 277

18 254 824 275 t———i—--———-—-——-————-—————

21 282 160 347 Quidnam
169 282 199 334 s‘al
207 283 249 334 rei
260 284 344 334 esset?
363 299 415 335 aaa
425 283 479 333 sois
490 282 632 350 benefieiis,
647 300 699 335 ooo
709 282 825 334 Petrum

18 350 140 415 iniuriis,
159 370 211 405 noa
223 353 334 419 deraque
346 352 494 418 ussarpanals'
505 352 622 413 libidine,
643 370 722 418 aaron
734 354 826 414 liceat,

20 423 92 489 quod
101 431 164 473 aute
176 440 229 473 aon
240 422 357 482 ltruerit,
375 423 400 472 sl
410 440 462 473 ooo
473 421 610 473 tribunum
620 422 775 486 toilitarom,
795 440 827 475 ree

22 501 190 562 quaestorem
202 492 306 557 arridens
317 507 474 558 quartarum
485 509 517 542 ex
524 491 601 558 plebe
610 493 731 563 sactum.
769 492 829 545 Non

21 562 140 614 saluisse
147 563 238 628 patris
245 577 296 627 pro
301 560 374 630 filio,
387 560 494 632 fratris
501 576 553 628 pro
558 562 656 632 fratre
662 579 768 629 preces,
779 562 829 614 tri·

22 632 155 683 buaoram
164 630 259 698 plebis,
277 630 420 699 potestatis
430 638 633 693 sacrosanctae,
650 631 688 682 ad
695 631 830 684 auxilium

22 699 161 753 libertatis
172 709 288 752 creatae.
325 697 460 752 Frondem
468 701 593 771 profecto
603 699 633 751 t'a
643 717 674 752 re
684 718 747 764 esse,
759 711 786 753 et
796 701 829 752 A.

23 769 210 837 Sempronium
220 766 337 821 corrritis‘s
343 771 407 837 plus
415 771 485 821 artis
495 768 656 832 adhibuisse,
667 771 830 839 quamfidei.

21 841 95 895 Eius
105 838 209 893 iniuria
222 839 300 905 queri
309 854 370 889 suos
381 838 481 892 honore
490 838 612 891 deiectos.
640 840 737 907 ltaque
748 855 831 907 quum
852 898 858 911 ι

23 910 169 977 inipsum,
189 917 218 961 et
228 908 387 960 innocentia
396 914 487 960 tutum
496 915 525 961 et
535 925 580 961 ma
602 910 608 921 '
626 915 715 972 trata,
733 911 831 976 inquo

24 987 93 1031 tuno
104 986 174 1039 erat,
188 978 309 1045 impetus
319 978 381 1030 lieri
390 994 445 1030 non
455 984 559 1045 posset,
600 994 682 1031 exere
692 980 750 1031 iras
761 980 791 1029 in
802 981 831 1030 c.

26 1048 230 1115 Sempronium,
253 1048 409 1114 patruelem
420 1048 555 1098 Atratini:
576 1049 659 1116 eique
669 1051 704 1101 ob
714 1048 833 1117 ignomi·
901 1086 904 1093 .

25 1118 103 1170 niam
114 1116 211 1169 Volsci
220 1117 297 1179 belli,
309 1117 437 1168 adiutore
448 1116 601 1183 eollegaM.
609 1119 752 1179 Canuleio,
759 1118 834 1168 diem

26 1189 133 1240 dixere.
162 1186 284 1239 Subinde
296 1187 330 1238 ab
342 1186 441 1237 iisdem
452 1186 571 1238 tribunis
581 1187 685 1238 orontio
695 1188 724 1237 in
736 1193 836 1237 senatu

27 1257 63 1309 tle
85 1257 160 1323 agris
183 1256 339 1307 dividendis
358 1256 440 1308 illata
455 1261 512 1318 est,
531 1257 593 1319 (cui
609 1256 713 1308 actioni
726 1269 837 1321 semper

26 1327 165 1380 acerrime
184 1327 214 1377 G.
230 1325 409 1391 Sempronius
430 1327 589 1390 restiterat)
610 1327 694 1390 ratis,
715 1324 744 1375 isl
761 1323 834 1391 quod

26 1403 105 1459 erat,
126 1402 175 1446 aut
187 1395 551 1462 depositacausaleviorem
561 1395 684 1449 futurum
701 1395 774 1462 apud
784 1393 835 1445 Pa·

25 1475 86 1518 tres
96 1480 183 1528 reum,
194 1471 242 1516 aut
253 1472 477 1532 perseverantem
488 1469 539 1519 sub
550 1466 648 1519 iudicii
657 1472 767 1534 tempus
777 1464 835 1532 ple·

25 1537 90 1589 bern
104 1534 282 1587 offensurum.
304 1536 445 1589 Adversas
454 1536 576 1589 invidiae
587 1537 671 1589 obiici
682 1536 792 1596 maluit,
805 1540 835 1586 et

26 1620 98 1656 suae
108 1620 210 1658 nocere
220 1621 329 1669 causae,
341 1622 422 1673 quam
434 1606 561 1675 publicae
573 1607 683 1671 deesse3
703 1606 836 1673 stetitque

22 1675 165 1727 iraeadem
177 1676 323 1738 sententia,
341 1676 381 1727 Ne
394 1694 447 1742 qua
459 1677 581 1743 largitio,
592 1693 700 1728 cessura
710 1675 740 1728 ia
752 1675 837 1727 trium

26 1744 152 1813 gratiam
162 1743 439 1813 tribunorumfieret.
461 1744 516 1795 Nec
526 1753 582 1796 tum
593 1762 691 1813 agrum
698 1744 781 1814 ptest,
791 1744 838 1796 sed
926 1802 929 1807 ¹

30 1811 80 1866 att
88 1812 227 1876 insidiam,
239 1812 342 1878 quaeri.
380 1812 415 1863 Se
425 1828 527 1880 quoque
537 1813 691 1866 solitarum
702 1822 761 1866 eam
772 1823 836 1866 tem·

35 1891 160 1936 testatem
171 1881 249 1954 sorti
258 1883 364 1934 animo:
383 1897 432 1933 aec
442 1883 549 1933 senatui
559 1883 633 1934 tanti
642 1899 670 1934 se
679 1882 771 1945 ciuem,
787 1891 836 1933 aut

40 1966 186 2019 *aemorum
200 1950 467 2011 aliomacharem,
487 1958 518 1999 at
529 1950 558 2001 s’a
569 1952 707 2016 parcenda
721 1951 771 2003 ani
782 1966 837 2002 ma-

45 2021 229 2089 ampubla'eum
240 2020 308 2090 fiat.
345 2018 441 2069 Nihilo
454 2017 618 2070 demissiore
629 2020 731 2081 animo,
753 2034 837 2085 quum

49 2093 88 2144 ies
99 2091 274 2153 renit,causa
287 2089 347 2156 ipse
359 2102 410 2154 pro
422 2102 452 2138 se
464 2087 838 2154 dietanequicquamomaia

54 2161 150 2227 apertis
161 2159 301 2221 Patribus,
321 2164 352 2208 ut
361 2156 523 2225 mitigarent
533 2157 657 2224 plebem,
677 2158 837 2225 quindecim

58 2231 152 2281 illibus
177 2229 252 2282 aeris
271 2228 429 2279 damnatur.
465 2227 571 2280 Eodem
592 2243 664 2280 anno
684 2228 836 2291 Postumia,
925 2290 928 2295 Ι

63 2314 108 2366 ·go
119 2298 258 2360 Vestalis,
277 2297 312 2349 de
323 2296 429 2349 incestu
440 2312 549 2348 oausam
560 2298 647 2361 dixit,
668 2298 784 2350 crimine
795 2299 836 2348 in-

68 2370 127 2433 xia3
150 2370 185 2420 ob
200 2367 385 2434 suspicionem
400 2373 516 2434 propter
532 2368 637 2419 cultum
647 2370 836 2421 amoeniorem
924 2370 928 2379 '

72 2437 225 2504 mniumque
236 2437 365 2499 liberius,
386 2451 466 2502 quam
476 2437 611 2505 virginem
623 2438 716 2499 decet,
736 2450 834 2503 parum

77 2520 180 2556 torrens
198 2505 312 2557 faniam.
347 2506 530 2573 ampliatam,
553 2507 653 2559 deinde
668 2506 834 2566 absolutam,

90 2575 203 2640 collegii
212 2575 352 2626 sententia
361 2576 487 2642 pontilex
497 2577 634 2627 maximus
646 2576 785 2627 abstinere
794 2574 834 2623 io·

88 2644 197 2710 colique
208 2649 304 2696 sancte
314 2647 417 2712 potius,
429 2662 510 2713 quam
521 2646 601 2708 scite,
612 2644 703 2696 iussit.
725 2643 834 2695 Eodem
922 2652 925 2659 ·

91 2731 98 2765 r
115 2713 290 2782 acanrpanis
307 2717 424 2780 cuniae,
446 2730 528 2785 quam
546 2713 649 2767 Graeci
662 2719 728 2765 tum
736 2714 848 2763 utam
