1860 2978
58 112 112 171 no
192 116 226 169 r.
242 72 352 167 min
371 112 416 182 [o.
429 114 459 194 c.
471 116 531 169 2⁸5.
543 114 694 188 acmen

58 226 175 278 Patrum
185 241 242 291 spe,
252 227 358 292 priores
369 226 547 291 impedierint
556 224 692 278 consules.
727 228 743 277 i

58 295 270 362 indignatioque
285 292 406 346 ferocem
422 295 544 345 animum
558 295 595 346 ad
609 294 743 346 vexandur

59 365 180 429 imperio
196 364 348 416 exercitum
368 363 542 416 stimulabat:
562 380 613 416 nec
632 364 692 415 ulia
710 366 739 416 vi

63 438 184 500 poterat.
220 434 341 484 Tantum
352 438 493 486 certamen
503 434 602 486 animis
613 433 742 486 inbibera

63 501 165 570 guiter,
182 503 283 564 otiose,
294 501 476 570 negligenter,
487 503 688 555 contumaciter
697 518 743 555 orn

62 584 108 623 res
125 584 178 622 nee
191 569 295 636 pudor,
315 586 367 622 nec
382 577 472 623 metus
486 574 641 624 coercebat.
677 570 743 624 Sici

63 638 149 692 vellet
158 652 267 705 agmen,
276 638 386 691 tardius
397 640 496 695 sedulo
506 641 645 694 incedere:
664 641 690 691 si
700 639 743 691 adi

63 709 158 776 operis
173 707 298 773 adesset,
319 722 414 762 omncs
428 725 481 761 sua
493 717 592 778 sponte
604 714 710 761 motam
720 722 743 760 rr

62 776 242 830 industriam:
265 779 408 847 praesenti
417 778 510 831 vultus
521 779 676 842 demittere,
691 778 743 830 taci

62 852 220 901 tereuntem
239 849 390 901 exsecrari:
413 853 446 899 nt
465 849 586 900 invictus
608 847 658 898 ille
673 847 740 899 odio

63 919 170 971 animm
178 916 319 970 interdum
329 923 496 970 moreretur.
511 917 595 968 Omni
604 917 743 983 nequicqm

62 987 315 1055 bime-prompto,
334 985 407 1039 nibil
425 988 482 1038 iam
501 1002 564 1038 cum
582 985 743 1038 militibusr

63 1056 271 1116 centurionibus
281 1061 440 1124 corruptum
453 1057 607 1109 exercitum
616 1055 721 1108 diceres

59 1125 150 1196 plebei
161 1126 296 1181 cavillans
306 1125 446 1179 interdum
456 1131 486 1178 et
498 1124 640 1180 Volerones
650 1138 743 1177 vocar«

115 1194 188 1250 LIX.
208 1196 288 1249 Nihil
301 1210 398 1250 eorum
408 1194 504 1247 Volsci
519 1194 692 1257 sumebant,
711 1195 743 1247 in

64 1268 274 1333 queeomagiu‚
294 1268 451 1327 sperantes,
469 1257 543 1321 idem
559 1266 700 1312 certamen
711 1280 743 1316 an

64 1331 198 1385 adversus
212 1330 330 1396 Appium
351 1326 512 1379 habiturum
531 1329 684 1381 exercitum
702 1331 743 1381 Ro

64 1398 138 1467 quod
149 1398 282 1450 adversus
289 1397 408 1449 Fabium
419 1396 560 1448 consulem
569 1396 721 1451 habuisset.
736 1404 743 1447 t

63 1467 152 1519 multo
163 1467 260 1534 Appio,
271 1482 353 1534 quam
363 1465 461 1529 Fabio,
471 1466 623 1519 violentior
633 1467 698 1520 fuit.
717 1466 743 1520 N

64 1538 175 1590 vincere
190 1542 298 1587 tantum
317 1534 421 1597 noluit,
439 1541 471 1586 ut
486 1534 627 1588 Fabianus
648 1537 743 1590 exeroi

64 1606 137 1658 rioci
147 1605 244 1658 voluit.
273 1605 430 1658 Productus
441 1605 471 1656 in
482 1605 570 1658 aciem
579 1608 652 1673 turp·
664 1607 734 1675 fuga

64 1683 140 1740 stra3
158 1690 210 1728 nec
227 1680 291 1728 ante
304 1675 423 1738 restitit,
444 1690 526 1742 quam
537 1677 618 1744 signa
627 1676 655 1727 in
668 1682 743 1728 erent

64 1760 142 1797 scum
157 1746 335 1799 munimentis
349 1744 422 1798 vidit
437 1745 604 1815 foedamque
619 1746 739 1799 extremi

65 1814 188 1869 caedem.
220 1817 293 1869 Tum
304 1816 487 1884 expressatis
499 1816 535 1868 ad
544 1817 743 1886 pugnandumn

64 1885 123 1936 iam
133 1900 151 1936 a
160 1884 235 1938 vallo
247 1892 466 1940 summoveretur
476 1881 578 1938 hostis:
597 1889 666 1939 satis
681 1893 743 1938 tam

63 1960 153 2018 reret,
174 1956 237 2022 capi
247 1961 356 2008 tantum
367 1963 461 2007 castra
470 1957 589 2007 militem
600 1958 743 2008 Romanor

65 2039 104 2076 se.
133 2025 190 2076 Alii
199 2026 321 2093 gaudere
331 2041 383 2077 sua
394 2025 474 2078 clade
486 2029 569 2092 atque
578 2025 741 2092 ignominia.

65 2091 135 2143 nihil
144 2094 279 2147 infractus
289 2095 369 2149 ferox
375 2095 458 2162 Appii
468 2095 585 2156 animus,
597 2110 678 2162 quum
688 2095 743 2144 insi

65 2160 125 2212 vire
135 2162 230 2226 vellet,
252 2167 464 2233 contionemque
477 2164 633 2226 advocaret,
655 2179 743 2214 coneu

65 2242 128 2281 eum
137 2229 226 2297 legati
236 2234 406 2300 tribunique,
427 2238 579 2295 monentes,
598 2248 633 2284 ne
643 2233 738 2298 utique

64 2298 152 2352 veliet
168 2301 329 2368 imperium,
350 2303 485 2354 cuiusvis
505 2302 593 2354 omnis
608 2304 638 2353 in
654 2316 743 2353 conser

66 2367 202 2421 dientium
212 2376 294 2422 esset.
329 2371 441 2440 Negare
451 2373 536 2439 vulgo
546 2372 659 2434 milites,
670 2388 701 2424 se
712 2370 743 2422 ad

65 2451 128 2488 nem
139 2439 242 2501 ituros3
259 2440 418 2507 passimque
428 2442 555 2494 exaudiri
564 2457 647 2494 voces
657 2440 743 2508 postu

65 2511 97 2554 ut
108 2513 200 2557 castra
211 2520 245 2558 ex
254 2506 358 2562 Volsco
368 2526 437 2578 agro
449 2516 620 2564 moveantur.
650 2512 742 2562 Hoste

65 2588 124 2624 rem
140 2576 234 2641 paullo
250 2582 314 2632 ante
328 2594 414 2649 prope
429 2581 458 2631 in
474 2582 564 2648 portis
581 2580 697 2632 acvailo
709 2578 743 2629 fu·

64 2645 211 2713 gentisque
220 2646 289 2701 mali
300 2662 355 2702 non
366 2651 551 2719 suspicionem
560 2650 657 2715 modo,
678 2648 728 2704 sed
