1860 2978
110 26 185 80 Lre.
194 21 233 79 V.
250 27 326 79 Car.
336 25 379 78 42.
389 24 433 80 43.
457 26 500 93 [Π.
513 26 543 77 C.
553 26 609 81 355.
623 25 651 75 A.
663 27 693 77 C.
704 27 775 95 587]
816 26 866 82 347

59 102 866 126 μ--ι--ι--ὶ--ι--ᾱ--ῇ-

59 152 116 204 que
126 138 284 202 superesset
293 132 378 196 urbis,
387 134 418 184 id
428 134 528 202 pignus
538 134 573 185 ad
584 134 736 186 flectendos
747 131 868 199 hostium

60 206 171 257 animos
183 202 329 266 haberent3
348 218 520 270 nequaquam
530 204 643 269 perinde
654 210 737 270 atquc
747 204 776 254 in
787 211 869 270 capta

60 276 131 325 urbe
142 274 231 340 prima
240 273 284 323 die
296 278 344 323 aut
355 274 458 338 passim
474 279 521 324 aut
534 275 590 325 latc
602 280 719 341 vagatus
731 280 772 323 cst
784 275 867 341 ignia.

61 343 198 417 Romani,
218 357 253 393 ex
269 357 332 393 arce
346 342 456 408 plenam
472 341 593 393 hostium
611 345 705 393 urbem
718 352 869 405 cernentes,

63 426 205 480 vagosque
215 426 264 477 per
275 412 336 463 vias
349 428 443 463 onmes
455 428 645 478 cursus‚quurn
657 413 713 463 alia
725 413 870 479 atquealia

82 487 144 533 arte
157 495 232 531 nora
241 480 337 548 eliqua
346 481 441 533 clades
457 483 590 544 oriretur,
610 499 664 533 nim
679 484 816 533 mentibus
827 497 870 533 so-

60 498 124 605 lum
139 549 299 616 concipere,
319 551 369 602 sed
380 566 415 602 ne
426 553 539 602 auribus
553 550 664 619 quidem
681 557 764 618 atque
780 552 871 603 oculis

61 620 136 673 satis
145 624 275 672 constare
284 625 425 686 poterant.
444 620 612 688 Quocunque
624 613 730 673 clam¹er
740 620 872 682 hostiurn,

62 687 213 743 mulierum
233 704 436 756 puerorumque
450 691 590 756 ploratus,
609 692 717 741 sonitus
732 689 872 752 dammae,

63 764 94 813 et
103 758 201 827 fragor
210 758 349 825 ruentium
359 764 497 811 tectorum
507 760 682 823 advertisset,
692 767 823 826 parentes
834 758 871 811 ad

63 828 169 891 omnia,
189 828 296 881 animos
308 843 412 895 oraque
423 835 451 880 et
462 829 558 879 oculos
568 828 726 891 flectebant,
746 828 871 881 velutad

62 896 255 964 spectaculum
269 896 411 949 elortuna
421 899 508 964 positi
518 898 670 950 occidentia
680 898 802 964 patriae,
820 912 872 950 nec

62 966 152 1020 ullius
162 980 255 1020 rerum
264 982 377 1019 suarum
385 968 490 1031 relicti,
509 974 703 1034 praeterquam
716 982 871 1033 corporum,

62 1036 200 1089 vindices:
222 1043 302 1088 tanto
317 1042 383 1089 ante
397 1037 467 1088 elios
478 1036 631 1088 miserandi
642 1037 745 1102 magis,
767 1035 813 1100 qui
824 1051 871 1087 un-

65 1106 268 1174 quamobsessi
277 1112 354 1169 sunt,
376 1106 451 1173 quod
465 1105 612 1157 interclusi
628 1120 645 1155 a
660 1105 751 1170 patria
762 1103 872 1157 obside·

62 1176 179 1238 bantur,
200 1175 293 1227 onmia
312 1189 364 1225 sua
385 1180 528 1225 cernentes
543 1175 572 1225 in
588 1173 709 1225 hostium
723 1178 871 1240 potestate.

63 1244 124 1301 Nec
135 1245 313 1312 tranquillior
323 1259 380 1295 nox
390 1243 464 1295 diem
473 1249 533 1295 tam
544 1241 629 1295 foede
644 1250 736 1295 actum
748 1243 870 1308 excepit:

63 1316 116 1369 lux
125 1314 226 1366 deinde
237 1318 347 1366 nonem
357 1312 512 1380 inquietam
521 1313 648 1365 insecuta
657 1317 711 1365 est:
723 1327 774 1363 nec
783 1312 869 1363 ullum

63 1389 128 1437 erat
144 1389 266 1449 tempus,
287 1382 360 1449 quod
380 1399 398 1435 a
417 1396 507 1433 norae
526 1397 635 1449 semper
650 1382 739 1435 cladis
753 1381 870 1433 alicuius

63 1453 225 1521 spectaculo
237 1457 368 1504 cessaret.
403 1452 482 1504 Nihil
491 1458 594 1516 tamen,
615 1458 658 1505 tot
670 1453 778 1503 onerati
788 1457 871 1517 atque

63 1522 160 1575 obruti
167 1520 258 1585 malis,
267 1520 404 1575 flexerunt
415 1522 530 1587 animos,
540 1524 613 1591 quin,
624 1522 680 1575 etsi
692 1522 786 1573 omnia
795 1519 871 1572 llam·

63 1592 119 1643 rnis
129 1606 164 1645 ac
172 1592 262 1643 ruinis
270 1597 391 1658 aequata
399 1592 543 1654 vidissent,
554 1593 678 1660 quamvis
688 1591 799 1657 inopem
808 1604 871 1656 par·

65 1674 194 1728 rumque,
214 1675 294 1727 quem
306 1660 451 1722 tenebant,
473 1660 583 1723 collem,
598 1661 723 1711 libertati
732 1660 871 1719 relictum,

67 1732 169 1782 rirtute
179 1728 369 1783 defenderent.
404 1728 521 1790 Etiam,
542 1745 625 1798 quum
638 1728 733 1780 eadem
744 1728 872 1793 quotidie

65 1798 237 1862 acciderent,
258 1799 336 1850 velut
352 1798 456 1848 assueti
469 1797 566 1859 melis,
587 1796 814 1847 abalienaverant
835 1795 871 1845 ab

65 1884 148 1920 sensu
158 1882 252 1920 rerum
264 1882 376 1919 suarum
388 1866 508 1928 animos;
517 1864 871 1929 armatantumfcrnrmque

64 1939 92 1989 in
103 1938 219 2000 dextris,
240 1937 316 1988 velut
327 1935 403 1987 solas
414 1934 549 2000 reliquias
559 1934 619 2001 spei
628 1948 706 1995 suae,
725 1934 870 1985 intuentes.

117 2006 216 2057 XLlll.
228 2006 305 2059 Galli
316 2019 433 2072 quoque,
444 2018 494 2070 per
504 2004 611 2072 aliquot
621 2002 717 2055 diesin
727 2009 803 2055 tecta
814 2017 870 2053 mo·

66 2076 102 2127 do
116 2075 196 2127 urbis
210 2076 392 2141 nequicquam
402 2073 478 2126 bello
489 2081 582 2142 gesto,
604 2088 687 2143 quum
697 2073 771 2127 inter
781 2074 871 2124 incen-

67 2144 115 2195 dia
132 2158 166 2197 ac
179 2145 274 2197 ruinas
290 2150 388 2211 captae
402 2143 479 2195 urbis
495 2144 566 2195 nihil
580 2158 740 2211 superesse,
759 2148 871 2210 praeter

67 2218 192 2265 armatos
201 2212 311 2276 hostes,
330 2212 469 2276 viderent,
487 2213 669 2281 nequicquam
685 2219 729 2265 tot
744 2212 871 2265 cladibus

65 2282 195 2345 territos,
214 2298 266 2335 nec
279 2282 400 2336 llcxuros
416 2281 452 2333 ad
466 2282 636 2336 deditionem
652 2284 772 2344 animos,
789 2281 816 2330 ni
827 2280 871 2329 ris

67 2350 262 2415 adlriberetur3
284 2351 406 2421 experiri
416 2351 531 2417 ultima,
551 2360 580 2405 et
591 2355 724 2419 impetum
741 2351 832 2401 facere
842 2347 870 2399 in

66 2435 160 2472 arccrn
171 2424 307 2472 statuunt.
343 2421 437 2473 Prima
450 2422 521 2485 luce,
535 2424 616 2490 signo
628 2423 707 2485 dato,
718 2417 883 2471 nuncnune

66 2490 157 2541 omnis
171 2489 201 2541 in
216 2488 278 2543 foro
294 2491 456 2545 instruitur:
474 2491 557 2562 inde,
579 2493 712 2545 clamore
726 2486 907 2553 autumer?

66 2560 442 2631 testudinatacmsulreuut.
479 2567 635 2626 Aduersus
644 2548 920 2633 quosnemanm‘
