1860 2978
52 114 145 204 —Lr
154 131 179 166 a.
190 114 228 166 ll.
248 116 288 168 Gi
297 132 321 168 r.
331 116 375 169 49,
387 115 430 169 50.
450 117 493 184 [U.
506 118 534 166 C.
547 118 604 180 276.
616 118 647 167 Α.
659 118 687 167 C.
699 119 768 184 4754
805 116 855 171 131

53 220 113 271 ullo
124 219 239 271 maioris
249 221 317 272 belli
329 228 475 288 apparatu,
497 228 648 273 certamen:
668 237 720 273 noc
730 229 808 273 erant
818 225 858 274 in·

54 290 196 341 cursiones
212 290 296 341 modo
312 291 340 341 in
355 306 446 358 agros,
467 297 515 342 aut
530 291 615 355 subiti
632 291 752 357 impetus
769 293 859 344 incur·

56 359 190 421 santium,
212 359 261 410 sed
277 361 425 427 aliquoties
438 376 525 428 aequo
538 376 634 428 campo
650 360 814 428 collatisque
825 361 859 412 si·

55 429 116 497 gnis
130 433 278 480 certatum:
299 446 420 498 gensque
432 447 487 482 una
498 432 594 497 populi
605 430 722 481 Romani
732 446 779 482 sae
799 444 860 483 eex

56 498 278 564 opulentissima,
294 506 325 551 ut
335 505 394 551 tum
404 516 450 553 res
460 507 547 564 erant,
569 502 687 552 Etrusca
698 445 810 553 &vitain
821 500 860 551 vi·

56 567 175 619 moriam
189 569 264 621 tulit.
299 569 331 620 ld
346 571 435 637 primo
452 571 580 623 acerbum
595 569 792 637 indignumque
807 568 861 620 Ve-

56 637 285 691 ientibusvisum,
320 639 386 692 lade
398 641 544 692 consilium
554 654 590 692 ex
600 653 631 691 re
646 644 742 691 natum
751 638 861 690 insidiis

55 705 179 759 ferocem
189 704 299 761 hostem
310 710 452 776 captandi:
468 708 589 777 gaudere
600 709 694 772 edam,
703 708 791 761 multo
802 722 861 759 suc·

57 790 138 828 sessu
152 775 249 829 Fabiis
271 779 416 831 audaciam
436 794 568 832 crescere.
604 780 701 846 ltaque
716 785 745 831 et
759 790 862 846 pecora

57 844 257 912 praedantibus
268 846 428 917 aliquoties,
449 851 526 903 velut
543 864 608 902 casu
623 847 794 910 incidissent,
814 847 863 899 ob·

56 914 131 966 viam
147 922 224 969 acta:
244 924 274 970 et
290 919 443 986 agrestium
461 917 529 984 fuga
543 919 617 970 rasti
634 917 727 970 relicti
741 915 815 985 agri:
835 922 864 969 et

56 984 184 1037 subsidia
194 990 379 1048 armatorum,
398 984 435 1036 ad
451 984 583 1037 arcendas
593 986 789 1055 populationes
800 986 864 1037 mis·

58 1068 99 1116 sa,
114 1057 226 1120 saepius
238 1054 381 1117 simulato,
393 1068 476 1121 quam
484 1048 560 1117 vero,
576 1068 681 1120 pavore
691 1052 864 1120 refugerunt.

56 1124 172 1190 lamque
181 1123 262 1175 Fabii
272 1124 343 1176 odeo
355 1128 581 1190 contempserant
591 1121 709 1186 hostem,
721 1127 752 1173 ut
763 1138 814 1174 sua
823 1123 864 1174 in·

56 1192 133 1245 ricta
140 1202 221 1245 arma
234 1208 323 1262 neque
337 1193 401 1245 loco
412 1208 501 1261 neque
511 1199 637 1261 tempore
647 1193 707 1243 ullo
719 1191 864 1244 crederent

57 1262 190 1315 sustineri
199 1277 291 1331 posse.
311 1260 391 1316 Haec
401 1278 465 1330 spos
476 1263 614 1330 prorexit,
624 1269 656 1314 ut
668 1261 703 1314 ad
714 1269 865 1329 conspectu

58 1332 158 1400 procul
177 1346 195 1384 a
210 1333 342 1385 Cremera
359 1348 460 1401 magno
482 1332 572 1399 campi
590 1332 739 1385 intervallo
761 1346 865 1399 pecora

56 1404 225 1469 {quanquam
240 1405 307 1454 ra'ra
320 1401 440 1455 hostium
456 1404 629 1469 apparebant
638 1405 726 1467 arma)
737 1401 864 1454 decurre·

55 1477 129 1524 rem.
163 1470 204 1523 'Et
215 1486 299 1540 quum
307 1470 458 1540 improvidi
468 1472 557 1525 effuso
569 1488 651 1524 cursu
661 1472 779 1524 insidias
789 1472 865 1524 circa

56 1541 150 1609 ipsum
159 1540 216 1594 iter
225 1542 335 1595 locatas
347 1548 532 1610 superassent,
547 1543 690 1610 palatique
702 1540 807 1610 possim
817 1556 865 1596 aa·

58 1624 103 1679 ga,
120 1616 153 1662 ut
163 1611 196 1663 lit
206 1626 310 1679 pavore
319 1612 432 1677 iniecto,
452 1618 582 1679 raperent
591 1627 706 1680 pecora3
726 1611 818 1663 subito
830 1626 866 1664 ex

56 1679 168 1733 insidiis
187 1681 377 1749 consurgitur,
400 1686 430 1734 et
450 1680 560 1734 adversi
581 1688 609 1734 et
628 1681 748 1749 undique
769 1678 865 1733 hostes

59 1754 147 1804 aaut.
182 1749 279 1803 Primo
301 1752 408 1803 clamor
425 1751 603 1804 circumlatus
623 1751 772 1815 exterruit3
801 1750 866 1802 dein

57 1820 118 1873 tela
128 1821 164 1873 ab
175 1821 251 1873 omni
266 1827 347 1888 parte
358 1820 533 1875 accidebant=
555 1820 772 1887 coeuntibusque
783 1821 866 1871 Etru-

58 1890 126 1953 scis,
143 1890 202 1943 iam
213 1891 368 1944 continenti
384 1891 494 1958 agmine
504 1894 678 1941 armatorum
688 1887 792 1955 saepti,
810 1902 865 1954 quo

57 1960 150 2028 magis
159 1975 189 2012 se
200 1957 290 2012 hostis
303 1960 455 2023 interebat,
476 1958 648 2026 cogebantur
662 1956 791 2009 breviore
804 1970 866 2022 spa·

58 2030 100 2082 tio
110 2029 204 2097 stipsi
214 2029 309 2084 orbern
323 2030 465 2098 colligere.
501 2029 581 2090 auae
591 2042 637 2079 res
652 2030 680 2079 et
694 2025 866 2094 paucitatem

58 2113 156 2152 eorum
165 2099 311 2167 insignem,
326 2107 355 2153 et
365 2096 572 2151 multitudinem
582 2096 778 2160 Etruscorum,
797 2095 867 2147 mul-

57 2169 192 2236 tiplicatis
202 2170 232 2220 in
244 2174 307 2222 arto
319 2170 475 2232 ordinibus,
496 2167 628 2220 faciebat.
663 2166 746 2231 Turn,
762 2167 867 2220 omissa

57 2252 165 2306 pugna,
184 2239 410 2305 quaminomnes
420 2244 515 2306 partes
526 2253 622 2306 parem
632 2236 816 2298 intenderant,
835 2236 865 2286 in

57 2320 143 2360 unum
153 2309 246 2360 locum
257 2325 287 2361 se
299 2323 393 2361 omnes
402 2309 544 2361 inclinant.
580 2309 623 2360 Eo
634 2309 687 2360 nisi
702 2306 865 2373 corporibus

58 2377 212 2445 armisque,
231 2393 332 2445 rupere
344 2394 430 2430 cuneo
439 2379 523 2430 viam.
558 2377 648 2430 Duxit
658 2378 704 2428 rio
717 2374 865 2425 ineditum

56 2447 160 2500 leniter
170 2448 280 2500 collem.
315 2448 382 2500 inde
393 2448 483 2515 primo
493 2448 636 2500 restitere:
653 2458 727 2506 mox,
737 2446 769 2493 ut
779 2442 874 2507 respi-

55 2517 138 2569 randi
151 2517 280 2584 superior
294 2518 372 2570 locus
385 2518 506 2586 spatium
522 2518 608 2580 dedit,
628 2509 835 2580 recipiendique
848 2527 865 2564 a

58 2602 162 2655 pavore
183 2592 263 2639 tanto
285 2587 418 2650 animum,
444 2588 577 2654 pepulere
596 2585 680 2637 etiam
702 2582 871 2632 subeuntes.
894 2601 897 2605 ·

57 2656 241 2725 vincebatque
253 2657 357 2711 auxilio
367 2657 424 2710 loci
434 2656 575 2728 paucitas,
582 2655 696 2780 ni'pupa
706 2646 894 2703 circumsis-
